3359 5167
1305 1315 1925 1402 PRAEFATIO.

599 1501 966 1589 Principem
1014 1504 1181 1570 hanc
1228 1504 1738 1591 fragmentorum
1780 1502 2250 1570 Ueronensium
2294 1504 2640 1572 editionem
2684 1507 2765 1572 ad

464 1609 870 1697 Funkium‚
914 1610 1372 1697 Hartelium‚
1408 1610 1952 1677 Mommsenum
1987 1610 2253 1677 honoris
2291 1633 2481 1678 causa
2506 1613 2763 1679 mittere

465 1716 671 1803 uolui,
728 1717 974 1803 quippe
1023 1739 1298 1802 quorum
1351 1716 1457 1782 hic
1510 1716 1771 1783 unicum
1817 1716 2052 1783 codicis
2096 1716 2490 1785 Ueronensis
2534 1719 2763 1786 folium

463 1824 777 1890 fastorum
823 1824 893 1890 in
918 1824 1137 1890 Herm.
1166 1823 1315 1912 VII,
1349 1826 1480 1890 474
1503 1821 1695 1912 ssq.¹)
1742 1823 2060 1912 sagaciter
2095 1826 2468 1891 tractauerit
2504 1849 2761 1912 unaque

462 1952 608 1996 cum
635 1930 758 1998 Ad.
786 1931 1157 1999 Harnackio
1183 1931 1345 1997 mihi
1381 1936 1604 1998 auctor
1638 1931 2048 2017 palimpsesti
2074 1931 2329 2020 legendi
2357 1934 2679 2001 exstiterit
2689 1933 2764 2024 ²),

462 2038 627 2103 alter
679 2037 932 2124 aliquot
985 2039 1142 2105 folia
1195 2062 1233 2104 a
1283 2037 1406 2105 θα.
1455 2036 1875 2106 Swdemumdo
1930 2031 2087 2104 olim
2143 2037 2514 2124 speciminis
2573 2063 2762 2107 causa

462 2143 782 2230 descripta
792 2141 846 2233 ³)
891 2145 1053 2210 mihi
1097 2144 1408 2211 beneuole
1454 2145 1541 2211 sit
1583 2144 1860 2233 largitus
1914 2148 1981 2210 et
2034 2145 2111 2210 de
2166 2145 2425 2234 paginis
2476 2147 2761 2232 primum

459 2274 501 2316 a
560 2273 664 2315 me
727 2251 1110 2317 examinatis
1171 2251 1520 2319 honorifice
1582 2251 1664 2316 ad
1727 2251 2014 2318 ordinem
2086 2251 2623 2339 philosophorum
2695 2260 2761 2322 et

457 2357 909 2425 historicorum
976 2358 1334 2425 academiae
1386 2358 1913 2427 Uindobonensis
1965 2358 2313 2447 rettulerit,
2371 2359 2479 2425 ille
2532 2384 2636 2426 me
2690 2361 2760 2428 in

461 2466 837 2551 quaestione
892 2488 930 2531 a
987 2465 1148 2532 meis
1206 2466 1438 2532 studiis
1499 2465 1656 2532 satis
1714 2465 1922 2531 aliena
1979 2464 2246 2532 consilio
2305 2470 2503 2551 atque
2562 2490 2759 2553 opera

457 2577 522 2637 et
566 2572 1119 2659 disputationibus
1167 2572 1302 2639 suis
1346 2572 1742 2639 transmissis
1777 2572 2058 2661 benigne
2095 2572 2430 2639 adiuuerit.
2504 2574 2755 2651 Quibus

456 2678 614 2744 uiris
659 2679 905 2766 optime
950 2680 1027 2745 de
1072 2680 1193 2745 hac
1227 2679 1509 2745 editione
1548 2679 1799 2745 meritis
1843 2678 2140 2746 meritam
2178 2679 2379 2746 debeo
2415 2680 2756 2768 habeoque

454 2785 748 2873 gratiam.

588 2892 754 2959 Tum
820 2916 1057 2982 magna
1121 2894 1308 2961 laude
1383 2892 1545 2959 mihi
1621 2892 2052 2960 nominandus
2127 2898 2226 2960 est
2291 2893 2377 2961 D.
2437 2893 2755 2962 Antonius

455 2999 784 3087 SpaanZO,
829 3001 1218 3067 uenerabilis
1254 3000 1648 3069 Ueronensis
1692 2999 2124 3066 bibliothecae
2161 3000 2533 3087 capitularis
2577 3025 2756 3088 prae-

453 3109 680 3193 fectuS‚
740 3108 855 3194 qui
917 3130 1104 3173 curae
1161 3131 1339 3173 meae
1393 3108 1463 3173 in
1514 3107 1993 3194 pretiosissimo·
2038 3107 2251 3174 codice
2297 3109 2754 3194 perscrutando

453 3212 702 3299 positae
789 3235 1195 3300 quacumque
1284 3214 1533 3280 ratione
1621 3213 2083 3280 humanissime
2161 3218 2364 3300 atque
2445 3214 2755 3281 liberalis-

453 3319 612 3385 sime
657 3319 840 3385 fauit.

582 3426 684 3494 Ne
748 3426 925 3494 uiros
996 3427 1217 3494 doctos
1283 3426 1537 3516 integra
1607 3424 1845 3493 codicis
1920 3424 2114 3493 huius
2183 3426 2480 3513 rescripti
2553 3429 2754 3495 uerba

449 3534 578 3601 iam
623 3533 875 3621 pridem
928 3539 1375 3621 exspectantes
1419 3534 1663 3600 diutius
1717 3556 1998 3601 morarer
2043 3531 2272 3621 (quam
2324 3556 2571 3601 moram
2615 3558 2752 3603 mu-

447 3641 620 3708 neris
656 3641 998 3709 academici
1043 3641 1576 3729 occupationibus
1610 3641 1885 3729 aliisque
1929 3641 2290 3707 litterarum
2327 3641 2557 3708 studiis
2601 3643 2752 3709 alla-

448 3754 584 3815 tam
641 3771 745 3815 me
813 3748 956 3835 ipso
1015 3771 1204 3815 nemo
1285 3745 1541 3837 aegrius
1600 3745 1785 3837 fert),
1842 3747 2057 3834 priore
2110 3747 2230 3813 hac
2282 3752 2467 3833 parte
2526 3773 2748 3816 omnes

593 3944 646 4014 1)
683 3942 765 4000 Of.
785 3942 1040 3999 eiusdem
1058 3941 1334 3999 Chronica
1357 3942 1578 3998 minora
1601 3942 1697 4013 III,
1727 3947 1832 3998 382
1849 3959 1930 4012 sq.
1960 3974 2030 3984 —-
2059 3942 2115 4012 2)
2143 3942 2209 3998 U.
2239 3957 2386 4011 quae
2411 3940 2476 3997 in
2500 3948 2746 4000 actorum

445 4033 760 4090 academiae
803 4031 1239 4090 Un'mdobonmis
1272 4030 1384 4088 uol.
1423 4030 1714 4088 CXXXIV.
1752 4035 1825 4102 (a.
1866 4035 2026 4103 1896)
2072 4031 2216 4103 disp.
2252 4030 2347 4087 XI.
2386 4031 2634 4102 exposui.
2675 4064 2745 4076 -

445 4124 502 4193 8)
551 4122 696 4178 Sunt
738 4119 1000 4177 laterculi
1044 4119 1212 4176 huius
1258 4119 1526 4178 editionis
1570 4121 1673 4191 IX,
1720 4120 1875 4191 xm,
1918 4120 2049 4176 XIV
2094 4123 2168 4191 (u.
2209 4126 2402 4177 1—23
2448 4120 2743 4193 lacunosi),

445 4209 645 4281 XXIV,
694 4209 958 4266 XXIX-
973 4210 1330 4279 XXXH,‚20
1384 4208 2745 4280 xxxxl‚xxxxmsq.,1.111(1—1ecum

443 4299 720 4371 lacunis),
779 4300 920 4370 LIV,
973 4298 1123 4355 LVII
1175 4301 1317 4370 (non
1369 4298 1721 4371 absolutus),
1776 4299 1975 4369 LVIII,
2040 4314 2236 4356 omnes
2289 4297 2407 4355 fere
2459 4297 2743 4355 faciliores
2865 4295 2868 4296 ⁷

444 4388 622 4459 lectu,
668 4406 810 4460 quos
855 4389 1161 4461 recoguoui
1197 4391 1370 4458 atque
1416 4387 1695 4461 suppleui.
1768 4388 1995 4446 Ceteras
2033 4386 2400 4459 sexaginta
2435 4386 2742 4488 quinque

444 4477 799 4549 palimpsesti
833 4478 1091 4551 paginas,
1128 4495 1368 4549 quarum
1405 4494 1664 4549 quaeque
1699 4477 1828 4549 plus
1863 4477 2023 4534 mille
2057 4476 2279 4533 litteras
2309 4475 2580 4547 continet,
2616 4475 2740 4548 ipse

443 4565 656 4638 primus
693 4566 826 4639 legi.
