3359 5167
631 350 715 414 98
1362 349 1510 404 CAN
1512 348 1727 405 ONUM
1761 348 2173 416 RELIQUIAE.

635 513 948 599 ἀλλήλοις
1000 511 1152 600 περὶ
1204 524 1340 579 τῶν
1393 511 1838 599 τεταγμένων,
1892 511 2164 591 ἕκαστος
2218 513 2291 580 ἐν
2346 506 2400 602 ᾧ
2455 514 2706 600 ἐκλήθη
2750 519 2933 605 παρὰ

306 651 484 707 LXVI
521 658 592 707 30
627 647 720 727 τῷ
765 645 925 727 θεῷ.
1014 638 1075 704 3.
1127 636 1199 704 Ὁ
1251 636 1474 725 ἕτερος
1526 647 1648 704 τοῦ
1704 636 1931 725 ἑτέρου
1986 639 2106 704 τὸν
2163 640 2416 726 δρόμον
2469 641 2559 725 μὴ
2604 662 2930 728 παρατεμ-

626 762 850 830 νέσθω
864 784 879 799 ·
961 760 1123 829 οὐδὲ
1180 764 1306 850 γὰρ
1366 764 1433 830 ol
1479 764 1752 846 ἄγγελοι
1796 764 1977 850 παρὰ
2022 764 2097 828 τὸ
2144 763 2657 850 διατεταγμένον
2702 766 2930 844 αὐτοῖς

627 885 830 955 οὐδὲν
891 887 1118 976 ἕτερον
1182 886 1651 967 ἐξελίσσουσιν.
1911 887 2144 955 XXIV.
2208 887 2593 978 Ἀνδρέας
2666 879 2927 956 εἶπεν·

623 1014 1017 1101 Εὕχρηστόν
1090 1012 1300 1097 ἐστιν,
1380 1013 1700 1098 ἀδελφοί,
1771 1023 1915 1090 ταῖς
1989 1011 2255 1097 γυναιξὶ
2321 1016 2671 1080 διακονίαν
2730 1039 2946 1081 κατα-·

518 1152 587 1201 35
627 1147 878 1223 στῆσαι.
1125 1137 1329 1205 XXV.
1386 1138 1701 1226 Πέτρος
1757 1128 1895 1204 εἷπ
1907 1159 1988 1204 εν
2004 1158 2025 1178 ·
2100 1136 2526 1226 Ἐφθάσαμεν
2590 1138 2924 1219 τάξαντες·

321 1274 520 1330 LXVII
559 1280 587 1329 1
626 1261 778 1351 περὶ
824 1259 900 1328 δὲ
944 1271 1061 1347 τῆς
1100 1274 1492 1350 προσφορᾶς
1526 1271 1647 1328 τοῦ
1687 1263 1987 1348 σώματος
2020 1259 2132 1328 καὶ
2168 1271 2290 1328 τοῦ
2327 1263 2602 1348 αἵματος
2637 1263 2927 1351 ἀκριβῶς

622 1388 1039 1474 μηνύσωμεν.
1217 1385 1466 1470 XXVI,
1537 1388 1592 1451 1.
1661 1385 2042 1471 Ἰωάννης
2115 1377 2343 1452 εἶπεν
2360 1405 2377 1424 ⁶
2449 1385 2925 1474 Ἐπελάθεσθε,

624 1512 927 1597 ἀδελφοί,
974 1511 1082 1577 ὅτε
1125 1508 1368 1599 ᾔτησεν
1412 1509 1449 1576 ὁ
1497 1511 1898 1588 διδάσκαλος
1942 1512 2062 1577 τὸν
2101 1512 2308 1599 ἄρτον
2342 1509 2455 1578 καὶ
2490 1513 2567 1578 τὸ
2601 1515 2925 1601 ποτήριον

553 1650 585 1699 5
622 1635 733 1702 καὶ
786 1635 1157 1721 ηὐλόγησεν
1212 1635 1380 1701 αὐτὰ
1433 1632 1674 1719 λέγων·
1768 1635 2047 1701 “Τοῢτό
2112 1635 2277 1702 ἐστι
2342 1638 2429 1702 τὸ
2500 1637 2721 1722 σῶμά
2773 1660 2924 1723 μου

621 1758 750 1827 καὶ
813 1762 898 1827 τὸ
963 1752 1201 1846 αἶμα,’
1286 1760 1388 1826 ὅτι
1453 1760 1576 1827 οὐκ
1647 1758 1960 1848 ἐπέτρεψε
2031 1761 2302 1838 ταύταις
2364 1769 2686 1846 συστῆναι
2746 1761 2924 1845 ἡμῖν.

622 1887 684 1951 2.
730 1885 1045 1974 Μάρθα
1092 1874 1350 1951 εἶπεν·
1395 1886 1535 1951 Διὰ
1570 1885 1876 1972 Μαριάμ,
1922 1885 2023 1952 ὅτι
2070 1881 2250 1952 εἶδεν
2294 1886 2504 1971 αὐτὴν
2544 1889 2923 1973 μειδιῶσαν.

517 2024 585 2072 10
616 2013 904 2099 ’Μαρία
951 1999 1212 2076 εἶπεν·
1263 2009 1438 2093 Οὐχ,
1493 2008 1598 2075 ὅτι
1644 2006 1946 2092 ἐγέλασα·
2038 2008 2350 2097 προέλεγε
2395 2011 2524 2097 γὰρ
2568 2011 2762 2098 ἡμῖν,
2816 2011 2924 2078 ὅτε

621 2135 996 2221 ἐδίδασκεν,
1053 2135 1153 2201 ὅτι
1200 2135 1283 2199 τὸ
1331 2131 1666 2213 ἀσθενὲς
1713 2135 1844 2200 διὰ
1889 2144 2029 2201 τοῦ
2076 2137 2410 2222 ἰσχυροῦ
2456 2137 2921 2220 σωθήσεται.

480 2278 495 2293 '
618 2260 885 2328 XXVII.
924 2265 1222 2345 Κηφᾶς
1258 2249 1518 2325 εἶπεν·
1562 2257 1800 2326 Ἐνίων
1827 2257 2168 2345 μέμνησθε
2206 2258 2301 2344 δέ,
2340 2259 2440 2326 ὅτι
2477 2271 2623 2337 ταῖς
2658 2257 2923 2344 γυναιξὶ

618 2387 707 2472 μὴ
771 2385 1012 2472 ὀρθαῖς
1071 2383 1556 2470 <προσέταξεν>
1618 2384 2141 2470 προσεύχεσθαι,
2214 2383 2383 2450 ἀλλὰ
2450 2384 2580 2450 ἀπὸ
2635 2393 2752 2469 τῆς
2804 2392 2926 2469 γῆς

517 2525 582 2574 15
618 2506 1110 2594 καθεζομέναις.
1282 2507 1581 2576 XXVIII.
1619 2507 2005 2591 Ἰάκωβος
2052 2498 2311 2575 εἶπεν·
2359 2513 2519 2586 Πῶς
2555 2503 2683 2576 οὖν
2721 2509 2923 2575 δυνά-

617 2641 793 2720 μεθα
846 2632 997 2720 περὶ
1051 2644 1392 2717 γυναικῶν
1445 2634 1796 2699 διακονίαν
1851 2633 2072 2722 ὁρίσαι
2093 2684 2113 2719 ,
2178 2637 2241 2700 εί
2291 2636 2382 2720 μή
2433 2658 2499 2700 τι
2554 2634 2924 2718 διακονίαν,

617 2758 730 2823 ἵνα
758 2756 1160 2843 ἑπισχύσωσι
1189 2770 1333 2835 ταῖς
1361 2756 1809 2844 ἐνδεομέναις;
1916 2758 2152 2826 XXIX.
2192 2762 2610 2836 Φίλιππος
2657 2748 2921 2824 εἶπεν·

763 3039 828 3096 O.
853 3040 1100 3115 XXIII,
1123 3047 1154 3094 2
1176 3040 1465 3112 (LXVI‚29
1478 3043 1582 3113 sq.)
1603 3038 1832 3104 ἕκαστος
1849 3044 1962 3097 κτλ.
1975 3041 2045 3110 cf.
2064 3040 2223 3098 Cor.I
2244 3045 2293 3111 7,
2311 3046 2406 3097 24:
2438 3038 2515 3096 ἔκ.
2539 3036 2603 3096 ἐν
2621 3035 2666 3114 ᾧ
2685 3039 2921 3110 ἐκλήθη,

619 3127 886 3200 ἀδελφοί,
932 3130 994 3186 ἐν
1037 3131 1216 3204 τούτῳ
1261 3130 1471 3202 μενέτω
1520 3129 1677 3200 παρὰ
1727 3135 1848 3204 θεῷ
2046 3137 2079 3185 3
2118 3133 2205 3202 (31
2219 3133 2325 3201 sq.)
2363 3130 2418 3184 οἱ
2454 3129 2679 3200 ἄγγελοι
2714 3132 2827 3184 κτλ.
2865 3146 2922 3184 ιι.

620 3212 789 3273 olem.
829 3218 949 3274 Gor.
987 3219 1014 3272 Ι
1050 3225 1136 3289 34,
1175 3225 1207 3273 5
1384 3219 1621 3295 XXVI,
1661 3226 1690 3274 1
1733 3219 1977 3292 (van,
2017 3224 2048 3273 5
2069 3222 2174 3291 sq.)
2215 3219 2298 3287 Of.
2335 3217 2541 3274 Matzth.
2582 3224 2668 3286 26,
2706 3223 2920 3272 26—28

618 3307 813 3378 (Maro.
852 3314 938 3378 14,
977 3314 1044 3363 22
1082 3315 1132 3365 et
1168 3314 1237 3363 24
1274 3309 1370 3379 al.)
1514 3315 1546 3363 2
1585 3312 1672 3381 (11
1686 3311 1792 3379 sq.)
1828 3309 2098 3366 sententia
2133 3309 2198 3363 im
2231 3326 2274 3365 ε.
2313 3309 2592 3379 scriptwra
2626 3308 2771 3363 deest

761 3591 827 3649 O.
866 3592 1122 3666 XXIII,
1179 3598 1211 3646 2
1250 3591 1496 3662 ἐκλήθη,
1542 3591 1650 3666 (ἐν
1699 3592 1876 3666 τούτῳ
1922 3589 2175 3667 μενέτω)
2220 3594 2523 3660 Hamack3
2580 3591 2750 3647 Μ
2800 3609 2924 3647 oum

616 3683 804 3738 ceteris
845 3682 991 3737 mml
1032 3688 1209 3738 mutat
1247 3682 1324 3737 ad
1365 3682 1663 3737 subiectum
1711 3679 1942 3745 ἕκαστος
1986 3682 2324 3739 subaudiens
2367 3678 2643 3752 ἀρεσκέτω
2806 3681 2925 3735 Pro

618 3775 739 3845 θεῷ
797 3772 924 3840 fort.
982 3788 1105 3826 cum
1159 3771 1287 3826 Lat.
1343 3774 1562 3844 Χριστῷ
1618 3772 1777 3841 (ἤϊα)
1839 3772 1999 3827 scrib.
2250 3778 2284 3826 3
2348 3766 2794 3842 παρατεμνέσθω
2849 3769 2922 3845 V,

620 3860 793 3915 erdc
986 3859 1195 3916 XXIV
1231 3860 1382 3915 omis,
1420 3859 1609 3927 Aeth.;
1643 3876 1688 3915 ο.
1728 3859 1951 3915 XXIV
1975 3876 2145 3930 usque
2180 3861 2257 3915 ad
2285 3860 2522 3930 XXIX,
2559 3876 2699 3931 quae
2733 3860 2925 3929 capita

617 3949 900 4020 Hilymfi,
954 3949 1146 4016 Pibra,
1210 3948 1580 4020 Krawutzcky
1632 3949 1962 4005 secludenda
2015 3956 2360 4017 censueram,
2412 3950 2715 4019 explicauit
2750 3948 2924 4004 Fwnk

762 4037 991 4112 XXVI,
1031 4042 1059 4091 1
1094 4035 1524 4092 Ἐπελάθεσθαι
1730 4044 1762 4092 2
1800 4036 2026 4107 Μάρθα
2065 4031 2224 4094 εἶπεν
2259 4040 2325 4094 in
2359 4038 2409 4095 V
2444 4040 2780 4109 geminatum

618 4129 908 4198 μηδιῶσαν
1147 4125 1350 4181 Οὐκέτι
1385 4125 1452 4195 V,
1490 4127 1663 4196 editt.;
1719 4125 1850 4181 Non
1893 4125 2023 4180 ideo
2070 4125 2197 4196 risi,
2243 4127 2398 4196 quod
2431 4127 2615 4195 Aoum
2678 4126 2798 4197 Οὐχ
2836 4125 2924 4180 ὅτι

617 4217 815 4285 scripsi
857 4232 981 4272 cum
1026 4215 1155 4271 Lat.
1335 4213 1578 4270 XXVII
1621 4212 1945 4287 μέμνησθαι
1989 4213 2054 4270 δὲ
2091 4214 2166 4284 V3
2213 4216 2503 4287 μέμνησθε
2551 4212 2921 4289 λε<γόντων)

619 4304 893 4376 Ηίῑρεκῇ.
1071 4305 1278 4373 ὀρθαῖς
1311 4303 1746 4375 προςεύχεσθαι·
1789 4306 1799 4375 Ι
1840 4305 1924 4373 (in
1958 4304 2113 4360 exitu
2137 4307 2349 4377 uermes)
2377 4305 2453 4374 V3
2491 4302 2923 4379 (προσέταξεν)

618 4393 843 4460 addidi3
882 4392 1086 4462 ὀρθαῖς
1123 4391 1412 4467 (πρέπει)
1448 4393 1709 4464 προσεύχ.
1747 4393 1976 4461 ΒίοῙεεΖῑ,
2012 4393 2133 4448 edd.
2254 4394 2370 4449 ἀπὸ
2405 4394 2480 4462 V3
2520 4393 2612 4449 ἐπὶ
2656 4394 2921 4449 Wilamo-

617 4483 743 4537 witz
814 4480 1216 4552 καθεζομένοις
1242 4481 1292 4538 V
1363 4481 1639 4538 XXVIII
1667 4483 1967 4537 διακονίαν
1996 4483 2203 4553 (prius)
2231 4482 2308 4551 V;
2344 4479 2640 4545 διακονίας
2664 4499 2767 4539 scr.
2798 4482 2919 4537 edd.
