3359 5167
560 385 663 441 XII
1488 388 1920 446 PRAEFATIO.

556 550 768 617 nenda
811 550 1060 638 curaui,
1113 551 1281 618 unde
1327 552 1558 639 cuique
1602 558 1991 640 apparatum
2045 553 2416 640 inspicienti
2460 555 2861 643 singularum
2944 579 2950 585 ·

557 656 909 724 lectionum
953 659 1111 727 fides
1155 660 1562 728 manifestior
1605 661 1806 727 fieret.
1878 659 2131 728 Ibidem
2167 661 2417 729 litteras
2456 664 2862 751 contignatas

561 766 933 832 enumeraui
979 789 1217 834 omnes.

691 871 770 939 In
814 874 1295 941 testimoniis
1340 874 1702 942 adferendis
1747 875 2109 943 locutiones
2152 875 2406 962 saepius
2452 876 2523 943 in
2568 900 2616 943 s.
2664 878 2859 965 scrip-

557 983 705 1047 tura
742 976 999 1068 'obuiaS‚
1042 982 1224 1049 uelut
1266 983 1340 1049 in
1375 973 1623 1051 odorem
1664 984 2006 1050 suauitatis
2040 981 2373 1071 (XXVIII,
2408 985 2478 1071 53
2524 985 2602 1050 cf.
2629 983 2857 1070 LXIX,

556 1084 674 1175 21)
736 1088 1125 1156 omittendas
1192 1090 1428 1157 censui.
1526 1090 1635 1156 Me
1695 1090 1925 1156 ceteris
1983 1090 2143 1157 locis
2199 1090 2536 1158 laudandis
2596 1113 2855 1177 operam

558 1194 821 1279 quidem
866 1196 1116 1264 dedisse
1160 1198 1396 1285 fateor,
1440 1198 1577 1285 sed,
1625 1198 1802 1284 quod
1855 1219 1960 1263 me
2005 1198 2144 1264 sine
2191 1198 2390 1265 dubio
2434 1198 2608 1264 haud
2652 1221 2856 1284 pauca

555 1303 891 1391 fugerunt,
948 1304 1127 1371 uiros
1172 1326 1391 1371 earum
1443 1326 1661 1371 rerum
1715 1305 2059 1391 peritiores
2104 1305 2359 1372 ueniam
2408 1305 2672 1372 daturos
2717 1326 2855 1371 esse

554 1432 761 1496 spero.
851 1409 1022 1478 Aliis
1089 1434 1346 1498 quoque
1414 1412 1781 1479 ratiom‘bus
1849 1411 2199 1479 editionem
2265 1413 2433 1480 hanc
2498 1411 2852 1499 principem

554 1517 881 1584 emendari
923 1541 1116 1604 posse
1159 1542 1293 1587 non
1338 1542 1483 1585 sum
1528 1519 1809 1607 ignarus

685 1625 936 1712 Restat,
980 1630 1056 1693 ut
1101 1626 1403 1693 omnibus
1446 1626 1626 1711 uiris,
1671 1628 1786 1713 qui
1830 1649 1935 1693 me
1972 1628 2043 1694 in
2085 1627 2467 1714 fragmentis
2503 1628 2606 1694 his
2640 1628 2854 1715 publi-

552 1731 772 1798 candis
817 1731 1148 1821 iuuerunt,
1203 1756 1397 1820 quam
1453 1734 1769 1801 maximas
1823 1758 2013 1823 agam
2066 1734 2326 1822 gratias.
2416 1734 2680 1802 Praeter
2723 1759 2853 1824 eos,

552 1860 716 1924 quos
744 1862 939 1927 supra
965 1843 1484 1928 commemoraui,
1519 1843 1918 1927 professores
1957 1841 2316 1909 doctissimi
2349 1841 2526 1909 Gust.
2559 1842 2850 1910 θαὶῖεῦηο.

550 1946 739 2031 Huyo
791 1946 1032 2017 Bickea
1099 1953 1164 2015 et
1219 1950 1552 2015 Eberhard
1602 1950 1817 2016 Nestle
1883 1972 2029 2018 cum
2082 1949 2423 2016 Franci-sco
2469 1948 2553 2014 X.
2598 1948 2851 2017 Funloio

550 2075 656 2119 me
702 2053 780 2120 de
825 2053 1267 2140 compluribus
1302 2053 1705 2121 Didascaliae
1742 2056 2042 2141 Syriacae
2082 2054 2260 2142 locis,
2304 2054 2553 2143 collega
2589 2056 2851 2126 Iacobus

549 2160 746 2227 Krall
803 2161 882 2227 de
942 2160 1210 2249 Coptica
1267 2161 1825 2249 interpretatione,
1886 2163 2214 2248 professor
2282 2162 2651 2249 spectabilis
2705 2163 2847 2230 Alb.

547 2268 854 2335 Ehrhwrd
906 2269 984 2334 de
1036 2269 1197 2336 locis
1263 2269 1648 2355 quibusdam
1712 2269 1949 2336 ueteris
2003 2269 2402 2337 Testamenti
2464 2269 2846 2338 beneuolen-

549 2375 797 2443 tissime
827 2377 1181 2444 docuerunt
1208 2381 1275 2444 et
1302 2378 1546 2445 candid.
1577 2377 1895 2446 Smeloken
1921 2400 2037 2463 per
2062 2378 2491 2464 professorem
2518 2377 2619 2443 dd.
2649 2376 2846 2445 Schu-

547 2483 803 2549 bertum
837 2484 1193 2551 Kiliensem
1238 2484 1639 2552 coniecturas
1679 2485 1985 2572 quasdam
2030 2491 2283 2551 mecum
2329 2486 2845 2552 communicauit.

546 2588 776 2675 Neque
820 2590 1135 2658 minorem
1181 2590 1458 2680 gratiam
1515 2614 1620 2658 me
1673 2593 1911 2658 referre
1961 2592 2273 2677 profiteor
2329 2593 2631 2659 omnibus
2684 2592 2844 2658 uiris

549 2696 815 2783 criticis,
894 2700 1008 2785 qui
1074 2698 1345 2787 benigni
1413 2699 1872 2787 disputationis
1942 2721 2121 2765 meae
2192 2721 2486 2766 censores
2557 2700 2845 2785 fuerunt3

546 2803 716 2871 inter
763 2828 929 2891 quos
972 2806 1136 2872 mihi
1179 2806 1480 2893 inprimis
1524 2806 1903 2875 nominandi
1949 2810 2102 2882 sunt
2146 2805 2240 2874 Io.
2277 2806 2553 2892 Adraha,
2605 2808 2719 2874 Fr.
2758 2807 2842 2873 X.

545 2913 756 2999 Funk,
801 2913 880 2980 Ρ.
918 2914 1134 2999 Lejay,
1177 2914 1260 2980 A.
1297 2912 1627 2999 Spaynolo‚
1678 2914 1745 2981 Ο.
1796 2915 2121 3001 Weyman,
2165 2914 2288 2980 Ed.
2341 2912 2718 3002 Woefflin1).

680 3019 864 3087 Haec
900 3022 1034 3088 fere
1077 3022 1446 3109 praefanda,
1491 3021 1618 3087 alia
1653 3023 1957 3110 grauiora
1999 3021 2385 3088 reseruanda
2422 3044 2562 3087 esse
2597 3021 2841 3107 putaui.

545 3126 638 3193 Te
674 3132 888 3194 autem
921 3129 1154 3195 faustis
1193 3128 1518 3196 ominibus
1551 3151 1909 3215 prosequor
1943 3127 2237 3194 libellum
2266 3150 2301 3193 e
2327 3127 2551 3195 nidulo
2588 3128 2843 3195 euolare

544 3234 937 3322 cupientem,
989 3239 1064 3302 ut
1110 3258 1256 3302 cum
1301 3235 1459 3303 uiris
1504 3236 1711 3304 doctis
1748 3235 2187 3304 communices
2230 3259 2364 3302 non
2408 3258 2539 3302 uno
2582 3233 2843 3303 nomine

544 3341 829 3427 pretiosa
882 3344 1249 3430 fragmenta
1289 3343 1716 3431 Ueronensia,
1770 3366 1934 3430 quae
1989 3343 2099 3409 diu
2156 3342 2529 3427 oblitterata
2571 3346 2637 3409 et
2682 3341 2842 3409 obli-

543 3448 738 3516 uione
796 3449 1048 3535 sepulta
1105 3450 1236 3515 iam
1292 3455 1709 3518 renascantur
1765 3455 1964 3536 atque
2026 3449 2419 3517 reuiuiscant
2474 3450 2557 3515 ad
2628 3448 2842 3515 studia

541 3555 912 3644 theologica
954 3561 1021 3624 et
1063 3557 1401 3646 philologa
1445 3559 1742 3625 iuuanda.

907 3697 1039 3766 Scr.
1076 3699 1610 3787 Uindobonae,

544 3811 817 3874 exeunte
851 3829 1069 3874 mense
1103 3805 1447 3875 Decembri
1483 3832 1536 3874 a.
1564 3805 1803 3875 MDGG
1810 3807 1961 3875 010.

2067 3985 2490 4053 Edmundus
2534 3984 2836 4052 Hauler.

689 4181 742 4250 1)
798 4179 956 4247 Quae
1011 4194 1279 4237 censurae
1330 4179 1579 4237 insertae
1634 4182 1769 4236 sunt
1829 4179 1919 4235 his
1985 4178 2127 4236 actis
2180 4178 2503 4236 litterariis:
2566 4177 2837 4251 Theolog.

540 4268 1058 4339 Literaturzeitung
1105 4274 1270 4339 1896,
1318 4288 1373 4342 p.
1414 4275 1519 4325 546
1544 4288 1694 4341 sqq.;
1757 4269 2039 4325 Deutsche
2087 4267 2633 4341 Litteraturzeitung
2679 4272 2836 4337 1897,

540 4376 596 4430 p.
617 4362 723 4414 245
744 4375 892 4428 sqq.;
928 4358 1119 4414 Revue
1148 4357 1388 4430 critique
1417 4364 1573 4430 1896,
1609 4379 1663 4432 p.
1696 4364 1799 4415 477
1816 4375 1926 4430 sq.;
1961 4356 2186 4415 Rivista
2220 4357 2484 4430 bibliogr.
2516 4357 2765 4414 Italiana
2791 4357 2835 4425 Ι,

540 4466 596 4519 p.
628 4452 762 4516 2⁷23
806 4446 1207 4504 Wochenschr.
1240 4447 1279 4504 f.
1307 4448 1480 4506 klass.
1508 4447 1653 4505 Phil.
1687 4452 1851 4518 1896,
1897 4465 1952 4519 p.
1992 4452 2130 4504 1145
2145 4465 2228 4518 sq.
2275 4448 2529 4518 (Byzant.
2567 4445 2834 4503 Zeitschr.

543 4542 700 4606 1897,
735 4553 790 4609 p.
823 4537 974 4608 192);
1011 4536 1222 4593 Archiv
1257 4536 1297 4594 f.
1334 4536 1434 4594 lat.
1472 4538 1602 4593 Lex.
1630 4535 1726 4608 IX,
1764 4541 1885 4592 522.
1922 4536 1991 4607 X,
2030 4542 2134 4592 309
2155 4553 2235 4606 sq.
