<?xml version="1.0" encoding="UTF-8"?>
<!DOCTYPE html PUBLIC "-//W3C//DTD XHTML 1.0 Transitional//EN"
    "http://www.w3.org/TR/xhtml1/DTD/xhtml1-transitional.dtd">
<html xmlns="http://www.w3.org/1999/xhtml" xml:lang="en" lang="en">
 <head>
  <title>
</title>
<meta http-equiv="Content-Type" content="text/html;charset=utf-8" />
  <meta name='ocr-system' content='tesseract 3.04.00' />
  <meta name='ocr-capabilities' content='ocr_page ocr_carea ocr_par ocr_line ocrx_word'/>
</head>
<body>
  <div class='ocr_page' id='page_1' title='image "./didascaliaeapos00haulgoog_0014.png"; bbox 0 0 3359 5167; ppageno 0'>
   <div class='ocr_carea' id='block_1_1' title="bbox 555 407 1915 502">
    <p class='ocr_par' dir='ltr' id='par_1_1' title="bbox 555 407 1915 502">
     <span class='ocr_line' id='line_1_1' title="bbox 555 407 1915 502; baseline 0 -38"><span class='ocrx_word' id='word_1_1' title='bbox 555 410 606 464; x_wconf 88' lang='lat' dir='ltr'>X</span> <span class='ocrx_word' id='word_1_2' title='bbox 1485 407 1915 502; x_wconf 57' lang='lat' dir='ltr'><strong>PIJAEFATIO.</strong></span> 
     </span>
    </p>
   </div>
   <div class='ocr_carea' id='block_1_2' title="bbox 549 572 2859 3345">
    <p class='ocr_par' dir='ltr' id='par_1_2' title="bbox 552 572 2859 1839">
     <span class='ocr_line' id='line_1_2' title="bbox 555 572 2859 654; baseline 0 -15"><span class='ocrx_word' id='word_1_3' title='bbox 555 573 898 642; x_wconf 73' lang='lat' dir='ltr'><strong>ecclesiast.</strong></span> <span class='ocrx_word' id='word_1_4' title='bbox 944 573 1147 640; x_wconf 89' lang='lat' dir='ltr'><strong>lector</strong></span> <span class='ocrx_word' id='word_1_5' title='bbox 1191 573 1600 640; x_wconf 89' lang='lat' dir='ltr'><strong>doctissimus</strong></span> <span class='ocrx_word' id='word_1_6' title='bbox 1659 573 1906 641; x_wconf 78' lang='lat' dir='ltr'><strong>Uernon</strong></span> <span class='ocrx_word' id='word_1_7' title='bbox 1954 574 2204 641; x_wconf 82' lang='lat' dir='ltr'><strong>Bartlet</strong></span> <span class='ocrx_word' id='word_1_8' title='bbox 2245 572 2658 654; x_wconf 80' lang='lat' dir='ltr'><strong>oxoniensis,</strong></span> <span class='ocrx_word' id='word_1_9' title='bbox 2705 573 2859 639; x_wconf 91' lang='lat' dir='ltr'><strong>alte-</strong></span> 
     </span>
     <span class='ocr_line' id='line_1_3' title="bbox 554 680 2856 769; baseline -0.001 -21"><span class='ocrx_word' id='word_1_10' title='bbox 554 705 692 748; x_wconf 88' lang='lat' dir='ltr'><strong>ram</strong></span> <span class='ocrx_word' id='word_1_11' title='bbox 751 682 977 748; x_wconf 89' lang='lat' dir='ltr'><strong>doctor</strong></span> <span class='ocrx_word' id='word_1_12' title='bbox 1042 681 1199 767; x_wconf 91' lang='lat' dir='ltr'><strong>phil.</strong></span> <span class='ocrx_word' id='word_1_13' title='bbox 1256 681 1554 766; x_wconf 76' lang='lat' dir='ltr'><strong><em>Iosephus</em></strong></span> <span class='ocrx_word' id='word_1_14' title='bbox 1609 680 2037 765; x_wconf 75' lang='lat' dir='ltr'><strong>Sickenberyer</strong></span> <span class='ocrx_word' id='word_1_15' title='bbox 2098 681 2531 769; x_wconf 87' lang='lat' dir='ltr'><strong>Monacensis,</strong></span> <span class='ocrx_word' id='word_1_16' title='bbox 2596 682 2856 746; x_wconf 76' lang='lat' dir='ltr'>tertiam</span> 
     </span>
     <span class='ocr_line' id='line_1_4' title="bbox 555 788 2855 875; baseline -0 -20"><span class='ocrx_word' id='word_1_17' title='bbox 555 789 828 856; x_wconf 80' lang='lat' dir='ltr'><strong>Ioannes</strong></span> <span class='ocrx_word' id='word_1_18' title='bbox 888 790 1117 856; x_wconf 71' lang='lat' dir='ltr'><strong>Penzel</strong></span> <span class='ocrx_word' id='word_1_19' title='bbox 1177 810 1387 875; x_wconf 91' lang='lat' dir='ltr'><strong>meus,</strong></span> <span class='ocrx_word' id='word_1_20' title='bbox 1445 789 1670 855; x_wconf 92' lang='lat' dir='ltr'><strong>doctor</strong></span> <span class='ocrx_word' id='word_1_21' title='bbox 1732 789 1890 874; x_wconf 86' lang='lat' dir='ltr'><strong>phil.</strong></span> <span class='ocrx_word' id='word_1_22' title='bbox 1948 788 2501 874; x_wconf 87' lang='lat' dir='ltr'><strong>Uindobonensis‚</strong></span> <span class='ocrx_word' id='word_1_23' title='bbox 2564 793 2855 854; x_wconf 89' lang='lat' dir='ltr'><strong>accurate</strong></span> 
     </span>
     <span class='ocr_line' id='line_1_5' title="bbox 554 894 2855 982; baseline -0 -21"><span class='ocrx_word' id='word_1_24' title='bbox 554 897 964 963; x_wconf 88' lang='lat' dir='ltr'><strong>confecerunt</strong></span> <span class='ocrx_word' id='word_1_25' title='bbox 1011 895 1304 980; x_wconf 80' lang='lat' dir='ltr'><strong>mihique</strong></span> <span class='ocrx_word' id='word_1_26' title='bbox 1349 895 1629 962; x_wconf 78' lang='lat' dir='ltr'><strong>libenter</strong></span> <span class='ocrx_word' id='word_1_27' title='bbox 1680 897 2125 981; x_wconf 80' lang='lat' dir='ltr'><strong>permiserunt.</strong></span> <span class='ocrx_word' id='word_1_28' title='bbox 2215 895 2307 961; x_wconf 91' lang='lat' dir='ltr'><strong>At</strong></span> <span class='ocrx_word' id='word_1_29' title='bbox 2359 894 2710 982; x_wconf 78' lang='lat' dir='ltr'><strong>particulae</strong></span> <span class='ocrx_word' id='word_1_30' title='bbox 2756 896 2855 961; x_wconf 85' lang='lat' dir='ltr'><strong>illi</strong></span> 
     </span>
     <span class='ocr_line' id='line_1_6' title="bbox 555 1001 2851 1090; baseline 0 -22"><span class='ocrx_word' id='word_1_31' title='bbox 555 1004 626 1068; x_wconf 90' lang='lat' dir='ltr'><strong>in</strong></span> <span class='ocrx_word' id='word_1_32' title='bbox 670 1002 884 1068; x_wconf 85' lang='lat' dir='ltr'><strong>latere.</strong></span> <span class='ocrx_word' id='word_1_33' title='bbox 919 1001 1185 1090; x_wconf 87' lang='lat' dir='ltr'>LXVII,</span> <span class='ocrx_word' id='word_1_34' title='bbox 1232 1004 1314 1070; x_wconf 85' lang='lat'><strong>31</strong></span> <span class='ocrx_word' id='word_1_35' title='bbox 1365 1025 1572 1088; x_wconf 91' lang='lat' dir='ltr'><strong>usque</strong></span> <span class='ocrx_word' id='word_1_36' title='bbox 1618 1003 1700 1068; x_wconf 90' lang='lat' dir='ltr'><strong>ad</strong></span> <span class='ocrx_word' id='word_1_37' title='bbox 1743 1002 2042 1090; x_wconf 87' lang='lat' dir='ltr'><strong>LXVIII,</strong></span> <span class='ocrx_word' id='word_1_38' title='bbox 2091 1006 2173 1071; x_wconf 84' lang='lat'><strong>13</strong></span> <span class='ocrx_word' id='word_1_39' title='bbox 2231 1008 2548 1090; x_wconf 88' lang='lat' dir='ltr'><strong>seruatae,</strong></span> <span class='ocrx_word' id='word_1_40' title='bbox 2595 1025 2726 1090; x_wconf 91' lang='lat' dir='ltr'><strong>qua</strong></span> <span class='ocrx_word' id='word_1_41' title='bbox 2768 1004 2851 1068; x_wconf 90' lang='lat' dir='ltr'><strong>ab</strong></span> 
     </span>
     <span class='ocr_line' id='line_1_7' title="bbox 553 1108 2855 1198; baseline 0.001 -24"><span class='ocrx_word' id='word_1_42' title='bbox 553 1109 997 1195; x_wconf 91' lang='lat' dir='ltr'><strong>apostolorum</strong></span> <span class='ocrx_word' id='word_1_43' title='bbox 1053 1108 1426 1177; x_wconf 73' lang='lat' dir='ltr'><strong>canonibus</strong></span> <span class='ocrx_word' id='word_1_44' title='bbox 1484 1110 1565 1176; x_wconf 93' lang='lat' dir='ltr'><strong>ad</strong></span> <span class='ocrx_word' id='word_1_45' title='bbox 1609 1109 2123 1198; x_wconf 80' lang='lat' dir='ltr'><strong>Aegyptiorum,</strong></span> <span class='ocrx_word' id='word_1_46' title='bbox 2178 1111 2293 1196; x_wconf 90' lang='lat' dir='ltr'><strong>qui</strong></span> <span class='ocrx_word' id='word_1_47' title='bbox 2347 1114 2687 1197; x_wconf 89' lang='lat' dir='ltr'><strong>uocantur,</strong></span> <span class='ocrx_word' id='word_1_48' title='bbox 2741 1109 2855 1177; x_wconf 84' lang='lat' dir='ltr'><strong>Ga-</strong></span> 
     </span>
     <span class='ocr_line' id='line_1_8' title="bbox 553 1216 2851 1304; baseline 0 -21"><span class='ocrx_word' id='word_1_49' title='bbox 553 1239 754 1283; x_wconf 91' lang='lat' dir='ltr'><strong>nones</strong></span> <span class='ocrx_word' id='word_1_50' title='bbox 813 1218 1126 1283; x_wconf 81' lang='lat' dir='ltr'><strong>transitus</strong></span> <span class='ocrx_word' id='word_1_51' title='bbox 1194 1218 1297 1304; x_wconf 92' lang='lat' dir='ltr'><strong>fit,</strong></span> <span class='ocrx_word' id='word_1_52' title='bbox 1371 1217 1926 1283; x_wconf 75' lang='lat' dir='ltr'><strong>constitutionum</strong></span> <span class='ocrx_word' id='word_1_53' title='bbox 1990 1222 2194 1303; x_wconf 89' lang='lat' dir='ltr'><strong>apost.</strong></span> <span class='ocrx_word' id='word_1_54' title='bbox 2250 1217 2291 1284; x_wconf 93' lang='lat' dir='ltr'><strong>l.</strong></span> <span class='ocrx_word' id='word_1_55' title='bbox 2338 1216 2499 1284; x_wconf 93' lang='lat' dir='ltr'><strong>VIII</strong></span> <span class='ocrx_word' id='word_1_56' title='bbox 2563 1222 2755 1304; x_wconf 88' lang='lat' dir='ltr'><strong>caput</strong></span> <span class='ocrx_word' id='word_1_57' title='bbox 2810 1221 2851 1284; x_wconf 86' lang='lat'><strong>3</strong></span> 
     </span>
     <span class='ocr_line' id='line_1_9' title="bbox 554 1324 2854 1412; baseline 0 -23"><span class='ocrx_word' id='word_1_58' title='bbox 554 1324 781 1391; x_wconf 87' lang='lat' dir='ltr'><strong>addere</strong></span> <span class='ocrx_word' id='word_1_59' title='bbox 845 1326 927 1390; x_wconf 90' lang='lat' dir='ltr'><strong>ab</strong></span> <span class='ocrx_word' id='word_1_60' title='bbox 993 1325 1210 1390; x_wconf 89' lang='lat' dir='ltr'><strong>animo</strong></span> <span class='ocrx_word' id='word_1_61' title='bbox 1275 1326 1619 1411; x_wconf 86' lang='lat' dir='ltr'><strong>impetrare</strong></span> <span class='ocrx_word' id='word_1_62' title='bbox 1683 1348 1817 1392; x_wconf 93' lang='lat' dir='ltr'><strong>non</strong></span> <span class='ocrx_word' id='word_1_63' title='bbox 1888 1326 2104 1412; x_wconf 90' lang='lat' dir='ltr'><strong>potui,</strong></span> <span class='ocrx_word' id='word_1_64' title='bbox 2181 1325 2356 1410; x_wconf 90' lang='lat' dir='ltr'><strong>quod</strong></span> <span class='ocrx_word' id='word_1_65' title='bbox 2426 1326 2584 1391; x_wconf 89' lang='lat' dir='ltr'><strong>haec</strong></span> <span class='ocrx_word' id='word_1_66' title='bbox 2654 1326 2854 1390; x_wconf 90' lang='lat' dir='ltr'><strong>uerba</strong></span> 
     </span>
     <span class='ocr_line' id='line_1_10' title="bbox 557 1430 2854 1519; baseline 0 -22"><span class='ocrx_word' id='word_1_67' title='bbox 557 1430 820 1519; x_wconf 83' lang='lat' dir='ltr'><strong>Graeca,</strong></span> <span class='ocrx_word' id='word_1_68' title='bbox 875 1433 998 1498; x_wconf 91' lang='lat' dir='ltr'><strong>etsi</strong></span> <span class='ocrx_word' id='word_1_69' title='bbox 1042 1431 1293 1498; x_wconf 86' lang='lat' dir='ltr'><strong>Latinis</strong></span> <span class='ocrx_word' id='word_1_70' title='bbox 1359 1432 1596 1498; x_wconf 85' lang='lat' dir='ltr'><strong>similia</strong></span> <span class='ocrx_word' id='word_1_71' title='bbox 1651 1454 1789 1498; x_wconf 90' lang='lat' dir='ltr'><strong>esse</strong></span> <span class='ocrx_word' id='word_1_72' title='bbox 1844 1437 1910 1498; x_wconf 93' lang='lat' dir='ltr'><strong>et</strong></span> <span class='ocrx_word' id='word_1_73' title='bbox 1955 1455 2101 1498; x_wconf 88' lang='lat' dir='ltr'><strong>cum</strong></span> <span class='ocrx_word' id='word_1_74' title='bbox 2147 1434 2228 1498; x_wconf 91' lang='lat' dir='ltr'><strong>iis</strong></span> <span class='ocrx_word' id='word_1_75' title='bbox 2275 1432 2610 1499; x_wconf 87' lang='lat' dir='ltr'><strong>cohaerere</strong></span> <span class='ocrx_word' id='word_1_76' title='bbox 2655 1436 2854 1518; x_wconf 90' lang='lat' dir='ltr'><strong>patet,</strong></span> 
     </span>
     <span class='ocr_line' id='line_1_11' title="bbox 552 1538 2852 1626; baseline 0.001 -22"><span class='ocrx_word' id='word_1_77' title='bbox 552 1543 770 1605; x_wconf 90' lang='lat' dir='ltr'><strong>tamen</strong></span> <span class='ocrx_word' id='word_1_78' title='bbox 827 1541 898 1604; x_wconf 90' lang='lat' dir='ltr'><strong>in</strong></span> <span class='ocrx_word' id='word_1_79' title='bbox 960 1540 1235 1626; x_wconf 85' lang='lat' dir='ltr'><strong>singulis</strong></span> <span class='ocrx_word' id='word_1_80' title='bbox 1290 1540 1445 1605; x_wconf 89' lang='lat' dir='ltr'><strong>satis</strong></span> <span class='ocrx_word' id='word_1_81' title='bbox 1509 1540 1813 1605; x_wconf 91' lang='lat' dir='ltr'><strong>recedunt</strong></span> <span class='ocrx_word' id='word_1_82' title='bbox 1879 1562 2092 1626; x_wconf 91' lang='lat' dir='ltr'><strong>neque</strong></span> <span class='ocrx_word' id='word_1_83' title='bbox 2157 1562 2236 1605; x_wconf 84' lang='lat' dir='ltr'><strong>ex</strong></span> <span class='ocrx_word' id='word_1_84' title='bbox 2298 1538 2852 1606; x_wconf 72' lang='lat' dir='ltr'><strong>constitutionum</strong></span> 
     </span>
     <span class='ocr_line' id='line_1_12' title="bbox 552 1646 2851 1735; baseline 0.001 -25"><span class='ocrx_word' id='word_1_85' title='bbox 552 1646 723 1712; x_wconf 92' lang='lat' dir='ltr'><strong>libro</strong></span> <span class='ocrx_word' id='word_1_86' title='bbox 775 1646 954 1713; x_wconf 91' lang='lat' dir='ltr'><strong>VIII.</strong></span> <span class='ocrx_word' id='word_1_87' title='bbox 1019 1647 1352 1733; x_wconf 90' lang='lat' dir='ltr'><strong>antiquam</strong></span> <span class='ocrx_word' id='word_1_88' title='bbox 1410 1647 1574 1713; x_wconf 89' lang='lat' dir='ltr'><strong>hanc</strong></span> <span class='ocrx_word' id='word_1_89' title='bbox 1640 1646 1974 1714; x_wconf 84' lang='lat' dir='ltr'><strong>Canonum</strong></span> <span class='ocrx_word' id='word_1_90' title='bbox 2031 1647 2509 1735; x_wconf 81' lang='lat' dir='ltr'><strong>Aegyptiorum</strong></span> <span class='ocrx_word' id='word_1_91' title='bbox 2577 1650 2851 1714; x_wconf 88' lang='lat' dir='ltr'><strong>formam</strong></span> 
     </span>
     <span class='ocr_line' id='line_1_13' title="bbox 554 1754 1815 1839; baseline 0.005 -21"><span class='ocrx_word' id='word_1_92' title='bbox 554 1754 829 1839; x_wconf 87' lang='lat' dir='ltr'><strong>pendere</strong></span> <span class='ocrx_word' id='word_1_93' title='bbox 875 1755 1267 1821; x_wconf 87' lang='lat' dir='ltr'><strong>crediderim.</strong></span> <span class='ocrx_word' id='word_1_94' title='bbox 1811 1773 1815 1778; x_wconf 80' lang='grc'>’</span> 
     </span>
    </p>

    <p class='ocr_par' dir='ltr' id='par_1_3' title="bbox 550 1861 2854 2701">
     <span class='ocr_line' id='line_1_14' title="bbox 685 1861 2853 1950; baseline 0 -24"><span class='ocrx_word' id='word_1_95' title='bbox 685 1861 1023 1928; x_wconf 92' lang='lat' dir='ltr'><strong>Praeterea</strong></span> <span class='ocrx_word' id='word_1_96' title='bbox 1066 1884 1366 1929; x_wconf 91' lang='lat' dir='ltr'><strong>numeros</strong></span> <span class='ocrx_word' id='word_1_97' title='bbox 1403 1862 1620 1929; x_wconf 90' lang='lat' dir='ltr'><strong>XXVI</strong></span> <span class='ocrx_word' id='word_1_98' title='bbox 1666 1864 1981 1950; x_wconf 90' lang='lat' dir='ltr'><strong>capitum,</strong></span> <span class='ocrx_word' id='word_1_99' title='bbox 2026 1864 2097 1928; x_wconf 91' lang='lat' dir='ltr'><strong>in</strong></span> <span class='ocrx_word' id='word_1_100' title='bbox 2140 1884 2305 1948; x_wconf 93' lang='lat' dir='ltr'><strong>quae</strong></span> <span class='ocrx_word' id='word_1_101' title='bbox 2354 1863 2618 1947; x_wconf 80' lang='lat' dir='ltr'><strong>Syriaca</strong></span> <span class='ocrx_word' id='word_1_102' title='bbox 2659 1862 2853 1928; x_wconf 92' lang='lat' dir='ltr'><strong>Dida-</strong></span> 
     </span>
     <span class='ocr_line' id='line_1_15' title="bbox 555 1969 2854 2057; baseline 0 -24"><span class='ocrx_word' id='word_1_103' title='bbox 555 1969 750 2034; x_wconf 90' lang='lat' dir='ltr'><strong>scalia</strong></span> <span class='ocrx_word' id='word_1_104' title='bbox 794 1970 1133 2057; x_wconf 90' lang='lat' dir='ltr'><strong>diuiditur,</strong></span> <span class='ocrx_word' id='word_1_105' title='bbox 1185 1971 1454 2037; x_wconf 89' lang='lat' dir='ltr'><strong>Latinae</strong></span> <span class='ocrx_word' id='word_1_106' title='bbox 1509 1971 2029 2057; x_wconf 87' lang='lat' dir='ltr'><strong>interpretationi</strong></span> <span class='ocrx_word' id='word_1_107' title='bbox 2074 1969 2152 2035; x_wconf 90' lang='lat' dir='ltr'><strong>de</strong></span> <span class='ocrx_word' id='word_1_108' title='bbox 2208 1969 2524 2035; x_wconf 86' lang='lat' dir='ltr'><strong>industria</strong></span> <span class='ocrx_word' id='word_1_109' title='bbox 2568 1992 2703 2036; x_wconf 93' lang='lat' dir='ltr'><strong>non</strong></span> <span class='ocrx_word' id='word_1_110' title='bbox 2748 1970 2854 2034; x_wconf 91' lang='lat' dir='ltr'><strong>ad-</strong></span> 
     </span>
     <span class='ocr_line' id='line_1_16' title="bbox 552 2076 2853 2163; baseline -0 -22"><span class='ocrx_word' id='word_1_111' title='bbox 552 2076 705 2163; x_wconf 89' lang='lat' dir='ltr'><strong>didi,</strong></span> <span class='ocrx_word' id='word_1_112' title='bbox 753 2078 907 2161; x_wconf 91' lang='lat' dir='ltr'><strong>quia</strong></span> <span class='ocrx_word' id='word_1_113' title='bbox 952 2078 1090 2144; x_wconf 91' lang='lat' dir='ltr'><strong>sine</strong></span> <span class='ocrx_word' id='word_1_114' title='bbox 1135 2078 1336 2145; x_wconf 92' lang='lat' dir='ltr'><strong>dubio</strong></span> <span class='ocrx_word' id='word_1_115' title='bbox 1381 2079 1722 2146; x_wconf 87' lang='lat' dir='ltr'><strong>recentiori</strong></span> <span class='ocrx_word' id='word_1_116' title='bbox 1768 2080 1967 2144; x_wconf 90' lang='lat' dir='ltr'><strong>aetati</strong></span> <span class='ocrx_word' id='word_1_117' title='bbox 2010 2077 2326 2143; x_wconf 90' lang='lat' dir='ltr'><strong>debentur</strong></span> <span class='ocrx_word' id='word_1_118' title='bbox 2371 2080 2435 2142; x_wconf 93' lang='lat' dir='ltr'><strong>et</strong></span> <span class='ocrx_word' id='word_1_119' title='bbox 2471 2077 2853 2162; x_wconf 90' lang='lat' dir='ltr'><strong>plerumque</strong></span> 
     </span>
     <span class='ocr_line' id='line_1_17' title="bbox 552 2182 2853 2274; baseline 0.001 -27"><span class='ocrx_word' id='word_1_120' title='bbox 552 2183 975 2268; x_wconf 89' lang='lat' dir='ltr'><strong>palimpsesto</strong></span> <span class='ocrx_word' id='word_1_121' title='bbox 1046 2208 1180 2251; x_wconf 92' lang='lat' dir='ltr'><strong>non</strong></span> <span class='ocrx_word' id='word_1_122' title='bbox 1252 2187 1616 2271; x_wconf 89' lang='lat' dir='ltr'><strong>probantur</strong></span> <span class='ocrx_word' id='word_1_123' title='bbox 1688 2184 1795 2274; x_wconf 86' lang='lat' dir='ltr'><strong>(cf.</strong></span> <span class='ocrx_word' id='word_1_124' title='bbox 1860 2184 2105 2272; x_wconf 87' lang='lat' dir='ltr'><strong>XXIV,</strong></span> <span class='ocrx_word' id='word_1_125' title='bbox 2179 2186 2293 2271; x_wconf 77' lang='lat'><strong>303</strong></span> <span class='ocrx_word' id='word_1_126' title='bbox 2363 2182 2672 2270; x_wconf 87' lang='lat' dir='ltr'><strong>XXXIX,</strong></span> <span class='ocrx_word' id='word_1_127' title='bbox 2735 2186 2853 2270; x_wconf 82' lang='lat'><strong>333</strong></span> 
     </span>
     <span class='ocr_line' id='line_1_18' title="bbox 550 2290 2851 2381; baseline -0 -25"><span class='ocrx_word' id='word_1_128' title='bbox 550 2290 911 2377; x_wconf 88' lang='lat' dir='ltr'><strong>XXXXIV,</strong></span> <span class='ocrx_word' id='word_1_129' title='bbox 957 2294 1070 2379; x_wconf 84' lang='lat'><strong>203</strong></span> <span class='ocrx_word' id='word_1_130' title='bbox 1114 2293 1444 2380; x_wconf 90' lang='lat' dir='ltr'><strong>XXXXV,</strong></span> <span class='ocrx_word' id='word_1_131' title='bbox 1489 2291 1579 2381; x_wconf 89' lang='grc'><strong>9).</strong></span> <span class='ocrx_word' id='word_1_132' title='bbox 1661 2292 1754 2358; x_wconf 89' lang='lat' dir='ltr'><strong>At</strong></span> <span class='ocrx_word' id='word_1_133' title='bbox 1799 2292 2059 2379; x_wconf 90' lang='lat' dir='ltr'><strong>indices,</strong></span> <span class='ocrx_word' id='word_1_134' title='bbox 2107 2292 2221 2378; x_wconf 92' lang='lat' dir='ltr'><strong>qui</strong></span> <span class='ocrx_word' id='word_1_135' title='bbox 2267 2292 2337 2357; x_wconf 93' lang='lat' dir='ltr'><strong>in</strong></span> <span class='ocrx_word' id='word_1_136' title='bbox 2380 2292 2501 2356; x_wconf 90' lang='lat' dir='ltr'><strong>hac</strong></span> <span class='ocrx_word' id='word_1_137' title='bbox 2538 2291 2851 2377; x_wconf 91' lang='lat' dir='ltr'><strong>interpre-</strong></span> 
     </span>
     <span class='ocr_line' id='line_1_19' title="bbox 550 2396 2851 2488; baseline 0 -26"><span class='ocrx_word' id='word_1_138' title='bbox 550 2399 800 2463; x_wconf 90' lang='lat' dir='ltr'><strong>tatione</strong></span> <span class='ocrx_word' id='word_1_139' title='bbox 846 2403 1103 2465; x_wconf 80' lang='lat' dir='ltr'><strong>exstant</strong></span> <span class='ocrx_word' id='word_1_140' title='bbox 1149 2398 1359 2487; x_wconf 90' lang='lat' dir='ltr'><strong>(uelut</strong></span> <span class='ocrx_word' id='word_1_141' title='bbox 1404 2399 1579 2487; x_wconf 86' lang='lat' dir='ltr'><strong>XXI,</strong></span> <span class='ocrx_word' id='word_1_142' title='bbox 1628 2403 1706 2467; x_wconf 92' lang='lat'><strong>11</strong></span> <span class='ocrx_word' id='word_1_143' title='bbox 1733 2423 1829 2486; x_wconf 91' lang='lat' dir='ltr'><strong>sq.</strong></span> <span class='ocrx_word' id='word_1_144' title='bbox 1876 2400 1978 2466; x_wconf 82' lang='lat' dir='ltr'><strong>De</strong></span> <span class='ocrx_word' id='word_1_145' title='bbox 2022 2396 2379 2488; x_wconf 66' lang='lat' dir='ltr'><strong>Manassae),</strong></span> <span class='ocrx_word' id='word_1_146' title='bbox 2423 2399 2690 2485; x_wconf 87' lang='lat' dir='ltr'><strong>retinui,</strong></span> <span class='ocrx_word' id='word_1_147' title='bbox 2740 2398 2851 2464; x_wconf 91' lang='lat' dir='ltr'><strong>sed</strong></span> 
     </span>
     <span class='ocr_line' id='line_1_20' title="bbox 552 2506 2851 2595; baseline 0.001 -26"><span class='ocrx_word' id='word_1_148' title='bbox 552 2527 662 2574; x_wconf 90' lang='lat' dir='ltr'><strong>eos</strong></span> <span class='ocrx_word' id='word_1_149' title='bbox 690 2528 770 2571; x_wconf 82' lang='lat' dir='ltr'><strong>ex</strong></span> <span class='ocrx_word' id='word_1_150' title='bbox 796 2507 970 2573; x_wconf 87' lang='lat' dir='ltr'><strong>notis</strong></span> <span class='ocrx_word' id='word_1_151' title='bbox 1007 2508 1286 2595; x_wconf 85' lang='lat' dir='ltr'><strong>margini</strong></span> <span class='ocrx_word' id='word_1_152' title='bbox 1314 2508 1611 2593; x_wconf 87' lang='lat' dir='ltr'><strong>ascriptis</strong></span> <span class='ocrx_word' id='word_1_153' title='bbox 1650 2509 1720 2574; x_wconf 90' lang='lat' dir='ltr'><strong>in</strong></span> <span class='ocrx_word' id='word_1_154' title='bbox 1747 2512 2018 2595; x_wconf 82' lang='lat' dir='ltr'><strong>textum,</strong></span> <span class='ocrx_word' id='word_1_155' title='bbox 2057 2509 2167 2593; x_wconf 92' lang='lat' dir='ltr'><strong>qui</strong></span> <span class='ocrx_word' id='word_1_156' title='bbox 2197 2510 2481 2593; x_wconf 92' lang='lat' dir='ltr'><strong>uocatur,</strong></span> <span class='ocrx_word' id='word_1_157' title='bbox 2518 2506 2851 2592; x_wconf 86' lang='lat' dir='ltr'><strong>irrepsisse</strong></span> 
     </span>
     <span class='ocr_line' id='line_1_21' title="bbox 550 2613 2850 2701; baseline 0 -23"><span class='ocrx_word' id='word_1_158' title='bbox 550 2616 730 2678; x_wconf 89' lang='lat' dir='ltr'><strong>ratus</strong></span> <span class='ocrx_word' id='word_1_159' title='bbox 779 2613 1031 2679; x_wconf 88' lang='lat' dir='ltr'><strong>uncinis</strong></span> <span class='ocrx_word' id='word_1_160' title='bbox 1086 2637 1124 2679; x_wconf 92' lang='lat' dir='ltr'><strong>a</strong></span> <span class='ocrx_word' id='word_1_161' title='bbox 1170 2616 1449 2701; x_wconf 85' lang='lat' dir='ltr'><strong>genuina</strong></span> <span class='ocrx_word' id='word_1_162' title='bbox 1501 2614 1903 2682; x_wconf 86' lang='lat' dir='ltr'><strong>Didascaliae</strong></span> <span class='ocrx_word' id='word_1_163' title='bbox 1952 2616 2244 2681; x_wconf 88' lang='lat' dir='ltr'><strong>oratione</strong></span> <span class='ocrx_word' id='word_1_164' title='bbox 2290 2636 2585 2699; x_wconf 90' lang='lat' dir='ltr'><strong>separare</strong></span> <span class='ocrx_word' id='word_1_165' title='bbox 2632 2613 2850 2679; x_wconf 90' lang='lat' dir='ltr'><strong>malui.</strong></span> 
     </span>
    </p>

    <p class='ocr_par' dir='ltr' id='par_1_4' title="bbox 549 2718 2852 3345">
     <span class='ocr_line' id='line_1_22' title="bbox 684 2718 2852 2808; baseline 0 -22"><span class='ocrx_word' id='word_1_166' title='bbox 684 2718 904 2786; x_wconf 90' lang='lat' dir='ltr'><strong>Uerba</strong></span> <span class='ocrx_word' id='word_1_167' title='bbox 960 2721 1106 2807; x_wconf 90' lang='lat' dir='ltr'><strong>ipsa</strong></span> <span class='ocrx_word' id='word_1_168' title='bbox 1161 2721 1570 2808; x_wconf 88' lang='lat' dir='ltr'><strong>palimpsesti</strong></span> <span class='ocrx_word' id='word_1_169' title='bbox 1627 2724 1911 2790; x_wconf 90' lang='lat' dir='ltr'><strong>codicem</strong></span> <span class='ocrx_word' id='word_1_170' title='bbox 1973 2727 2289 2808; x_wconf 88' lang='lat' dir='ltr'><strong>quantum</strong></span> <span class='ocrx_word' id='word_1_171' title='bbox 2347 2722 2535 2808; x_wconf 93' lang='lat' dir='ltr'><strong>potui</strong></span> <span class='ocrx_word' id='word_1_172' title='bbox 2596 2725 2852 2787; x_wconf 89' lang='lat' dir='ltr'><strong>secutus</strong></span> 
     </span>
     <span class='ocr_line' id='line_1_23' title="bbox 551 2827 2852 2917; baseline 0 -24"><span class='ocrx_word' id='word_1_173' title='bbox 551 2827 633 2892; x_wconf 88' lang='lat' dir='ltr'><strong>ad</strong></span> <span class='ocrx_word' id='word_1_174' title='bbox 677 2828 969 2915; x_wconf 85' lang='lat' dir='ltr'><strong>singulos</strong></span> <span class='ocrx_word' id='word_1_175' title='bbox 1015 2830 1151 2894; x_wconf 90' lang='lat' dir='ltr'><strong>eius</strong></span> <span class='ocrx_word' id='word_1_176' title='bbox 1193 2852 1416 2896; x_wconf 90' lang='lat' dir='ltr'><strong>uersus</strong></span> <span class='ocrx_word' id='word_1_177' title='bbox 1452 2833 1947 2917; x_wconf 90' lang='lat' dir='ltr'><strong>repraesentaui.</strong></span> <span class='ocrx_word' id='word_1_178' title='bbox 2020 2830 2237 2916; x_wconf 89' lang='lat' dir='ltr'><strong>Atque</strong></span> <span class='ocrx_word' id='word_1_179' title='bbox 2274 2831 2556 2916; x_wconf 86' lang='lat' dir='ltr'><strong>primum</strong></span> <span class='ocrx_word' id='word_1_180' title='bbox 2593 2828 2852 2916; x_wconf 90' lang='lat' dir='ltr'><strong>quidem</strong></span> 
     </span>
     <span class='ocr_line' id='line_1_24' title="bbox 549 2935 2852 3005; baseline 0 -4"><span class='ocrx_word' id='word_1_181' title='bbox 549 2935 802 3002; x_wconf 87' lang='lat' dir='ltr'><strong>litteras</strong></span> <span class='ocrx_word' id='word_1_182' title='bbox 853 2936 1239 3003; x_wconf 89' lang='lat' dir='ltr'><strong>maiusculas</strong></span> <span class='ocrx_word' id='word_1_183' title='bbox 1295 2942 1361 3003; x_wconf 93' lang='lat' dir='ltr'><strong>et</strong></span> <span class='ocrx_word' id='word_1_184' title='bbox 1415 2938 1758 3004; x_wconf 91' lang='lat' dir='ltr'><strong>interualla</strong></span> <span class='ocrx_word' id='word_1_185' title='bbox 1811 2939 1980 3005; x_wconf 90' lang='lat' dir='ltr'><strong>inter</strong></span> <span class='ocrx_word' id='word_1_186' title='bbox 2032 2938 2366 3005; x_wconf 89' lang='lat' dir='ltr'><strong>enuntiata</strong></span> <span class='ocrx_word' id='word_1_187' title='bbox 2410 2941 2475 3002; x_wconf 91' lang='lat' dir='ltr'><strong>et</strong></span> <span class='ocrx_word' id='word_1_188' title='bbox 2520 2936 2663 3003; x_wconf 91' lang='lat' dir='ltr'><strong>cola</strong></span> <span class='ocrx_word' id='word_1_189' title='bbox 2705 2958 2852 3002; x_wconf 91' lang='lat' dir='ltr'><strong>con-</strong></span> 
     </span>
     <span class='ocr_line' id='line_1_25' title="bbox 551 3043 2852 3130; baseline -0.001 -20"><span class='ocrx_word' id='word_1_190' title='bbox 551 3043 803 3130; x_wconf 89' lang='lat' dir='ltr'><strong>spicua,</strong></span> <span class='ocrx_word' id='word_1_191' title='bbox 859 3043 975 3108; x_wconf 92' lang='lat' dir='ltr'><strong>ubi</strong></span> <span class='ocrx_word' id='word_1_192' title='bbox 1029 3044 1167 3111; x_wconf 90' lang='lat' dir='ltr'><strong>sine</strong></span> <span class='ocrx_word' id='word_1_193' title='bbox 1223 3045 1578 3111; x_wconf 87' lang='lat' dir='ltr'><strong>sententiae</strong></span> <span class='ocrx_word' id='word_1_194' title='bbox 1633 3046 2020 3112; x_wconf 91' lang='lat' dir='ltr'><strong>detrimento</strong></span> <span class='ocrx_word' id='word_1_195' title='bbox 2067 3046 2311 3111; x_wconf 90' lang='lat' dir='ltr'><strong>seruari</strong></span> <span class='ocrx_word' id='word_1_196' title='bbox 2355 3047 2737 3130; x_wconf 92' lang='lat' dir='ltr'><strong>potuerunt,</strong></span> <span class='ocrx_word' id='word_1_197' title='bbox 2782 3044 2852 3109; x_wconf 92' lang='lat' dir='ltr'><strong>in</strong></span> 
     </span>
     <span class='ocr_line' id='line_1_26' title="bbox 550 3150 2851 3238; baseline 0 -22"><span class='ocrx_word' id='word_1_198' title='bbox 550 3154 738 3216; x_wconf 83' lang='lat' dir='ltr'><strong>textu</strong></span> <span class='ocrx_word' id='word_1_199' title='bbox 798 3151 1088 3217; x_wconf 88' lang='lat' dir='ltr'><strong>imitatus</strong></span> <span class='ocrx_word' id='word_1_200' title='bbox 1143 3173 1313 3238; x_wconf 84' lang='lat' dir='ltr'><strong>sum3</strong></span> <span class='ocrx_word' id='word_1_201' title='bbox 1376 3151 1767 3238; x_wconf 91' lang='lat' dir='ltr'><strong>ubicumque</strong></span> <span class='ocrx_word' id='word_1_202' title='bbox 1831 3152 1937 3218; x_wconf 93' lang='lat' dir='ltr'><strong>uel</strong></span> <span class='ocrx_word' id='word_1_203' title='bbox 2009 3154 2079 3218; x_wconf 90' lang='lat' dir='ltr'><strong>in</strong></span> <span class='ocrx_word' id='word_1_204' title='bbox 2142 3153 2245 3218; x_wconf 89' lang='lat' dir='ltr'><strong>his</strong></span> <span class='ocrx_word' id='word_1_205' title='bbox 2303 3152 2499 3217; x_wconf 91' lang='lat' dir='ltr'><strong>rebus</strong></span> <span class='ocrx_word' id='word_1_206' title='bbox 2554 3175 2593 3216; x_wconf 91' lang='lat' dir='ltr'><strong>a</strong></span> <span class='ocrx_word' id='word_1_207' title='bbox 2636 3150 2851 3217; x_wconf 89' lang='lat' dir='ltr'><strong>codice</strong></span> 
     </span>
     <span class='ocr_line' id='line_1_27' title="bbox 551 3257 2852 3345; baseline 0 -22"><span class='ocrx_word' id='word_1_208' title='bbox 551 3258 842 3344; x_wconf 90' lang='lat' dir='ltr'><strong>discessi,</strong></span> <span class='ocrx_word' id='word_1_209' title='bbox 905 3258 975 3325; x_wconf 90' lang='lat' dir='ltr'><strong>in</strong></span> <span class='ocrx_word' id='word_1_210' title='bbox 1028 3263 1344 3344; x_wconf 89' lang='lat' dir='ltr'><strong>apparatu</strong></span> <span class='ocrx_word' id='word_1_211' title='bbox 1399 3260 1621 3326; x_wconf 89' lang='lat' dir='ltr'><strong>critico</strong></span> <span class='ocrx_word' id='word_1_212' title='bbox 1678 3259 1976 3326; x_wconf 89' lang='lat' dir='ltr'><strong>indicaui.</strong></span> <span class='ocrx_word' id='word_1_213' title='bbox 2066 3259 2233 3325; x_wconf 92' lang='lat' dir='ltr'><strong>Item</strong></span> <span class='ocrx_word' id='word_1_214' title='bbox 2295 3281 2412 3345; x_wconf 94' lang='lat' dir='ltr'><strong>per</strong></span> <span class='ocrx_word' id='word_1_215' title='bbox 2474 3257 2852 3343; x_wconf 89' lang='lat' dir='ltr'><strong>compendia</strong></span> 
     </span>
    </p>
   </div>
   <div class='ocr_carea' id='block_1_3' title="bbox 553 3404 979 3413">
    <p class='ocr_par' dir='ltr' id='par_1_5' title="bbox 553 3404 979 3413">
     <span class='ocr_line' id='line_1_28' title="bbox 553 3404 979 3413; baseline 0 1754"><span class='ocrx_word' id='word_1_216' title='bbox 553 3404 979 3413; x_wconf 95' lang='lat' dir='ltr'><strong> </strong></span> 
     </span>
    </p>
   </div>
   <div class='ocr_carea' id='block_1_4' title="bbox 470 3485 2854 4633">
    <p class='ocr_par' dir='ltr' id='par_1_6' title="bbox 470 3485 2854 4633">
     <span class='ocr_line' id='line_1_29' title="bbox 552 3485 2853 3559; baseline 0 -18"><span class='ocrx_word' id='word_1_217' title='bbox 552 3487 684 3543; x_wconf 88' lang='lat' dir='ltr'><strong>hist.</strong></span> <span class='ocrx_word' id='word_1_218' title='bbox 717 3487 910 3543; x_wconf 86' lang='lat' dir='ltr'><strong>Graec.</strong></span> <span class='ocrx_word' id='word_1_219' title='bbox 937 3493 984 3557; x_wconf 79' lang='lat'><strong>7,</strong></span> <span class='ocrx_word' id='word_1_220' title='bbox 1022 3485 1119 3542; x_wconf 87' lang='lat' dir='ltr'><strong>fol.</strong></span> <span class='ocrx_word' id='word_1_221' title='bbox 1151 3493 1225 3541; x_wconf 81' lang='lat'><strong>3¹²</strong></span> <span class='ocrx_word' id='word_1_222' title='bbox 1254 3503 1323 3542; x_wconf 86' lang='lat' dir='ltr'><strong>ex</strong></span> <span class='ocrx_word' id='word_1_223' title='bbox 1349 3487 1458 3543; x_wconf 89' lang='lat' dir='ltr'><strong>hac</strong></span> <span class='ocrx_word' id='word_1_224' title='bbox 1483 3487 1811 3559; x_wconf 83' lang='lat' dir='ltr'><strong>precatione</strong></span> <span class='ocrx_word' id='word_1_225' title='bbox 1837 3491 2063 3559; x_wconf 89' lang='lat' dir='ltr'><strong>praeter</strong></span> <span class='ocrx_word' id='word_1_226' title='bbox 2088 3486 2273 3558; x_wconf 89' lang='lat' dir='ltr'><strong>prima</strong></span> <span class='ocrx_word' id='word_1_227' title='bbox 2300 3487 2479 3543; x_wconf 90' lang='lat' dir='ltr'><strong>uerba</strong></span> <span class='ocrx_word' id='word_1_228' title='bbox 2498 3485 2563 3543; x_wconf 88' lang='grc' dir='ltr'><strong><em>Ὁ</em></strong></span> <span class='ocrx_word' id='word_1_229' title='bbox 2586 3487 2728 3551; x_wconf 73' lang='grc' dir='ltr'><strong>θεὸς</strong></span> <span class='ocrx_word' id='word_1_230' title='bbox 2753 3488 2853 3542; x_wconf 74' lang='grc' dir='ltr'><strong>καὶ</strong></span> 
     </span>
     <span class='ocr_line' id='line_1_30' title="bbox 550 3573 2853 3648; baseline 0 -16"><span class='ocrx_word' id='word_1_231' title='bbox 550 3578 736 3648; x_wconf 77' lang='grc' dir='ltr'><strong><em>πατὴρ</em></strong></span> <span class='ocrx_word' id='word_1_232' title='bbox 763 3585 864 3633; x_wconf 79' lang='grc' dir='ltr'><strong>τοῦ</strong></span> <span class='ocrx_word' id='word_1_233' title='bbox 901 3573 1101 3646; x_wconf 81' lang='grc' dir='ltr'><strong><em>κυρίου</em></strong></span> <span class='ocrx_word' id='word_1_234' title='bbox 1137 3576 1294 3647; x_wconf 78' lang='grc' dir='ltr'>ἡμῶν</span> <span class='ocrx_word' id='word_1_235' title='bbox 1324 3574 1510 3648; x_wconf 77' lang='grc' dir='ltr'>Ἰησοῦ</span> <span class='ocrx_word' id='word_1_236' title='bbox 1537 3581 1802 3647; x_wconf 81' lang='grc' dir='ltr'><strong><em>Χριστοῦ,</em></strong></span> <span class='ocrx_word' id='word_1_237' title='bbox 1839 3577 1870 3633; x_wconf 82' lang='grc' dir='ltr'>ὁ</span> <span class='ocrx_word' id='word_1_238' title='bbox 1906 3577 2092 3648; x_wconf 80' lang='grc' dir='ltr'><strong><em>πατὴρ</em></strong></span> <span class='ocrx_word' id='word_1_239' title='bbox 2119 3587 2231 3633; x_wconf 78' lang='grc' dir='ltr'><strong>τῶν</strong></span> <span class='ocrx_word' id='word_1_240' title='bbox 2260 3577 2562 3647; x_wconf 67' lang='grc' dir='ltr'><strong><em>οἰκτιρμῶν</em></strong></span> <span class='ocrx_word' id='word_1_241' title='bbox 2589 3578 2688 3631; x_wconf 74' lang='grc' dir='ltr'><strong>καὶ</strong></span> <span class='ocrx_word' id='word_1_242' title='bbox 2712 3577 2853 3640; x_wconf 73' lang='grc' dir='ltr'><strong>θεὸς</strong></span> 
     </span>
     <span class='ocr_line' id='line_1_31' title="bbox 549 3665 2850 3739; baseline -0.001 -17"><span class='ocrx_word' id='word_1_243' title='bbox 549 3666 735 3737; x_wconf 73' lang='grc' dir='ltr'><strong><em>πάσης</em></strong></span> <span class='ocrx_word' id='word_1_244' title='bbox 758 3665 1157 3736; x_wconf 74' lang='grc' dir='ltr'><strong><em>παρακλήσεως</em></strong></span> <span class='ocrx_word' id='word_1_245' title='bbox 1190 3667 1337 3721; x_wconf 89' lang='lat' dir='ltr'><strong>nihil</strong></span> <span class='ocrx_word' id='word_1_246' title='bbox 1372 3670 1562 3724; x_wconf 86' lang='lat' dir='ltr'><strong>exstat</strong></span> <span class='ocrx_word' id='word_1_247' title='bbox 1596 3669 1656 3723; x_wconf 89' lang='lat' dir='ltr'><strong>et</strong></span> <span class='ocrx_word' id='word_1_248' title='bbox 1690 3667 1943 3738; x_wconf 83' lang='lat' dir='ltr'><strong>reliquis,</strong></span> <span class='ocrx_word' id='word_1_249' title='bbox 1982 3668 2081 3737; x_wconf 93' lang='lat' dir='ltr'><strong>qui</strong></span> <span class='ocrx_word' id='word_1_250' title='bbox 2116 3667 2290 3739; x_wconf 84' lang='lat' dir='ltr'><strong>uulgo</strong></span> <span class='ocrx_word' id='word_1_251' title='bbox 2325 3668 2850 3735; x_wconf 81' lang='lat' dir='ltr'><strong>commemorantur,</strong></span> 
     </span>
     <span class='ocr_line' id='line_1_32' title="bbox 550 3755 2848 3826; baseline 0 -16"><span class='ocrx_word' id='word_1_252' title='bbox 550 3773 724 3811; x_wconf 89' lang='lat' dir='ltr'><strong>manu</strong></span> <span class='ocrx_word' id='word_1_253' title='bbox 752 3755 976 3826; x_wconf 88' lang='lat' dir='ltr'><strong>scriptis</strong></span> <span class='ocrx_word' id='word_1_254' title='bbox 1004 3755 1172 3812; x_wconf 89' lang='lat' dir='ltr'><strong>Uind.</strong></span> <span class='ocrx_word' id='word_1_255' title='bbox 1203 3755 1684 3812; x_wconf 75' lang='lat' dir='ltr'><strong>constitutionum</strong></span> <span class='ocrx_word' id='word_1_256' title='bbox 1709 3756 1843 3812; x_wconf 91' lang='lat' dir='ltr'><strong>libri</strong></span> <span class='ocrx_word' id='word_1_257' title='bbox 1870 3756 2257 3826; x_wconf 58' lang='lat' dir='ltr'><strong>continentum</strong></span> <span class='ocrx_word' id='word_1_258' title='bbox 2289 3756 2351 3811; x_wconf 90' lang='lat' dir='ltr'><strong>in</strong></span> <span class='ocrx_word' id='word_1_259' title='bbox 2377 3774 2616 3825; x_wconf 89' lang='lat' dir='ltr'><strong>quorum</strong></span> <span class='ocrx_word' id='word_1_260' title='bbox 2644 3758 2848 3811; x_wconf 86' lang='lat' dir='ltr'><strong>octauo</strong></span> 
     </span>
     <span class='ocr_line' id='line_1_33' title="bbox 548 3844 2849 3917; baseline 0 -17"><span class='ocrx_word' id='word_1_261' title='bbox 548 3862 665 3900; x_wconf 88' lang='lat' dir='ltr'><strong>non</strong></span> <span class='ocrx_word' id='word_1_262' title='bbox 700 3845 842 3901; x_wconf 87' lang='lat' dir='ltr'><strong>haec</strong></span> <span class='ocrx_word' id='word_1_263' title='bbox 879 3844 1118 3916; x_wconf 85' lang='lat' dir='ltr'><strong>simplex</strong></span> <span class='ocrx_word' id='word_1_264' title='bbox 1154 3862 1402 3915; x_wconf 88' lang='lat' dir='ltr'><strong>ueraque</strong></span> <span class='ocrx_word' id='word_1_265' title='bbox 1440 3846 1639 3914; x_wconf 85' lang='lat' dir='ltr'><strong>oratio,</strong></span> <span class='ocrx_word' id='word_1_266' title='bbox 1677 3848 1779 3902; x_wconf 89' lang='lat' dir='ltr'><strong>sed</strong></span> <span class='ocrx_word' id='word_1_267' title='bbox 1815 3846 1938 3902; x_wconf 87' lang='lat' dir='ltr'><strong>lata</strong></span> <span class='ocrx_word' id='word_1_268' title='bbox 1964 3846 2069 3901; x_wconf 89' lang='lat' dir='ltr'><strong>illa</strong></span> <span class='ocrx_word' id='word_1_269' title='bbox 2096 3849 2268 3916; x_wconf 87' lang='lat' dir='ltr'><strong>atque</strong></span> <span class='ocrx_word' id='word_1_270' title='bbox 2298 3846 2463 3903; x_wconf 90' lang='lat' dir='ltr'><strong>docte</strong></span> <span class='ocrx_word' id='word_1_271' title='bbox 2501 3845 2849 3917; x_wconf 86' lang='lat' dir='ltr'><strong>amplificata</strong></span> 
     </span>
     <span class='ocr_line' id='line_1_34' title="bbox 549 3933 2850 4005; baseline 0.001 -16"><span class='ocrx_word' id='word_1_272' title='bbox 549 3934 733 3990; x_wconf 87' lang='lat' dir='ltr'><strong>forma</strong></span> <span class='ocrx_word' id='word_1_273' title='bbox 769 3935 973 4004; x_wconf 85' lang='lat' dir='ltr'><strong>exstat,</strong></span> <span class='ocrx_word' id='word_1_274' title='bbox 1011 3950 1158 4004; x_wconf 88' lang='lat' dir='ltr'><strong>quae</strong></span> <span class='ocrx_word' id='word_1_275' title='bbox 1193 3933 1338 3990; x_wconf 88' lang='lat' dir='ltr'><strong>miro</strong></span> <span class='ocrx_word' id='word_1_276' title='bbox 1375 3935 1624 4003; x_wconf 87' lang='lat' dir='ltr'><strong>quodam</strong></span> <span class='ocrx_word' id='word_1_277' title='bbox 1658 3936 1828 3992; x_wconf 90' lang='lat' dir='ltr'><strong>modo</strong></span> <span class='ocrx_word' id='word_1_278' title='bbox 1867 3954 1995 3992; x_wconf 88' lang='lat' dir='ltr'><strong>cum</strong></span> <span class='ocrx_word' id='word_1_279' title='bbox 2030 3952 2202 3990; x_wconf 88' lang='lat' dir='ltr'><strong>manu</strong></span> <span class='ocrx_word' id='word_1_280' title='bbox 2238 3934 2663 4005; x_wconf 85' lang='lat' dir='ltr'><strong>interpolatoris</strong></span> <span class='ocrx_word' id='word_1_281' title='bbox 2700 3937 2850 3991; x_wconf 88' lang='lat' dir='ltr'><strong>cete-</strong></span> 
     </span>
     <span class='ocr_line' id='line_1_35' title="bbox 549 4022 2851 4096; baseline 0 -17"><span class='ocrx_word' id='word_1_282' title='bbox 549 4041 739 4080; x_wconf 83' lang='lat' dir='ltr'><strong>rorum</strong></span> <span class='ocrx_word' id='word_1_283' title='bbox 774 4023 1049 4079; x_wconf 90' lang='lat' dir='ltr'><strong>librorum</strong></span> <span class='ocrx_word' id='word_1_284' title='bbox 1085 4022 1348 4079; x_wconf 91' lang='lat' dir='ltr'><strong>concinit.</strong></span> <span class='ocrx_word' id='word_1_285' title='bbox 1412 4023 1520 4078; x_wconf 90' lang='lat' dir='ltr'><strong>Hic</strong></span> <span class='ocrx_word' id='word_1_286' title='bbox 1555 4024 1617 4079; x_wconf 90' lang='lat' dir='ltr'><strong>in</strong></span> <span class='ocrx_word' id='word_1_287' title='bbox 1653 4024 1900 4081; x_wconf 86' lang='lat' dir='ltr'><strong>transitu</strong></span> <span class='ocrx_word' id='word_1_288' title='bbox 1938 4025 2087 4080; x_wconf 89' lang='lat' dir='ltr'><strong>addo</strong></span> <span class='ocrx_word' id='word_1_289' title='bbox 2132 4024 2518 4096; x_wconf 84' lang='lat' dir='ltr'><strong>patriarcham</strong></span> <span class='ocrx_word' id='word_1_290' title='bbox 2544 4024 2851 4081; x_wconf 86' lang='lat' dir='ltr'><strong>Antioche-</strong></span> 
     </span>
     <span class='ocr_line' id='line_1_36' title="bbox 552 4113 2854 4186; baseline 0 -17"><span class='ocrx_word' id='word_1_291' title='bbox 552 4132 689 4169; x_wconf 89' lang='lat' dir='ltr'><strong>num</strong></span> <span class='ocrx_word' id='word_1_292' title='bbox 718 4113 982 4183; x_wconf 78' lang='lat' dir='ltr'><strong>Syrorum</strong></span> <span class='ocrx_word' id='word_1_293' title='bbox 1008 4115 1134 4186; x_wconf 72' lang='lat' dir='ltr'><strong>Iyn.</strong></span> <span class='ocrx_word' id='word_1_294' title='bbox 1165 4113 1343 4184; x_wconf 69' lang='lat' dir='ltr'><strong>Ephoe.</strong></span> <span class='ocrx_word' id='word_1_295' title='bbox 1372 4113 1674 4182; x_wconf 66' lang='lat' dir='ltr'><strong>Bahmmmi,</strong></span> <span class='ocrx_word' id='word_1_296' title='bbox 1711 4114 1811 4185; x_wconf 86' lang='lat' dir='ltr'><strong>qui</strong></span> <span class='ocrx_word' id='word_1_297' title='bbox 1838 4114 2157 4185; x_wconf 87' lang='lat' dir='ltr'><strong>nuperrime</strong></span> <span class='ocrx_word' id='word_1_298' title='bbox 2190 4116 2589 4171; x_wconf 77' lang='lat' dir='ltr'><strong>Testamentum</strong></span> <span class='ocrx_word' id='word_1_299' title='bbox 2615 4115 2854 4171; x_wconf 69' lang='lat' dir='ltr'><strong>Domini</strong></span> 
     </span>
     <span class='ocr_line' id='line_1_37' title="bbox 548 4202 2849 4276; baseline -0.001 -16"><span class='ocrx_word' id='word_1_300' title='bbox 548 4203 726 4260; x_wconf 64' lang='lat' dir='ltr'><strong>nostri</strong></span> <span class='ocrx_word' id='word_1_301' title='bbox 761 4204 892 4261; x_wconf 72' lang='lat' dir='ltr'><strong>Iesu</strong></span> <span class='ocrx_word' id='word_1_302' title='bbox 929 4202 1137 4259; x_wconf 76' lang='lat' dir='ltr'><strong>Christi</strong></span> <span class='ocrx_word' id='word_1_303' title='bbox 1172 4203 1524 4274; x_wconf 84' lang='lat' dir='ltr'><strong>(Moguntiae</strong></span> <span class='ocrx_word' id='word_1_304' title='bbox 1564 4207 1726 4276; x_wconf 85' lang='lat'>1899)</span> <span class='ocrx_word' id='word_1_305' title='bbox 1763 4203 2007 4276; x_wconf 90' lang='lat' dir='ltr'><strong>primum</strong></span> <span class='ocrx_word' id='word_1_306' title='bbox 2045 4203 2244 4272; x_wconf 79' lang='lat' dir='ltr'><strong>edidit,</strong></span> <span class='ocrx_word' id='word_1_307' title='bbox 2280 4203 2422 4259; x_wconf 89' lang='lat' dir='ltr'><strong>mihi</strong></span> <span class='ocrx_word' id='word_1_308' title='bbox 2457 4202 2689 4259; x_wconf 84' lang='lat' dir='ltr'><strong>minime</strong></span> <span class='ocrx_word' id='word_1_309' title='bbox 2724 4220 2849 4274; x_wconf 91' lang='lat' dir='ltr'><strong>per-</strong></span> 
     </span>
     <span class='ocr_line' id='line_1_38' title="bbox 552 4291 2848 4364; baseline 0.001 -18"><span class='ocrx_word' id='word_1_310' title='bbox 552 4291 800 4348; x_wconf 86' lang='lat' dir='ltr'><strong>suasisse</strong></span> <span class='ocrx_word' id='word_1_311' title='bbox 834 4293 1068 4349; x_wconf 89' lang='lat' dir='ltr'><strong>breuem</strong></span> <span class='ocrx_word' id='word_1_312' title='bbox 1101 4292 1481 4349; x_wconf 86' lang='lat' dir='ltr'><strong>Ueronensem</strong></span> <span class='ocrx_word' id='word_1_313' title='bbox 1515 4294 1903 4364; x_wconf 87' lang='lat' dir='ltr'><strong>precationem</strong></span> <span class='ocrx_word' id='word_1_314' title='bbox 1938 4310 2200 4349; x_wconf 88' lang='lat' dir='ltr'><strong>manasse</strong></span> <span class='ocrx_word' id='word_1_315' title='bbox 2228 4309 2298 4349; x_wconf 86' lang='lat' dir='ltr'><strong>ex</strong></span> <span class='ocrx_word' id='word_1_316' title='bbox 2323 4293 2455 4349; x_wconf 88' lang='lat' dir='ltr'><strong>fusa</strong></span> <span class='ocrx_word' id='word_1_317' title='bbox 2481 4292 2848 4363; x_wconf 84' lang='lat' dir='ltr'><strong>Testamenti,</strong></span> 
     </span>
     <span class='ocr_line' id='line_1_39' title="bbox 470 4380 2849 4454; baseline 0.001 -19"><span class='ocrx_word' id='word_1_318' title='bbox 470 4403 483 4416; x_wconf 39' lang='lat' dir='ltr'>x</span> <span class='ocrx_word' id='word_1_319' title='bbox 547 4381 612 4437; x_wconf 90' lang='lat' dir='ltr'><strong>id</strong></span> <span class='ocrx_word' id='word_1_320' title='bbox 647 4381 801 4450; x_wconf 87' lang='lat' dir='ltr'><strong>quod</strong></span> <span class='ocrx_word' id='word_1_321' title='bbox 845 4401 900 4452; x_wconf 93' lang='lat' dir='ltr'><strong>p.</strong></span> <span class='ocrx_word' id='word_1_322' title='bbox 928 4381 1085 4436; x_wconf 88' lang='lat' dir='ltr'><strong>XXII</strong></span> <span class='ocrx_word' id='word_1_323' title='bbox 1099 4398 1218 4451; x_wconf 90' lang='lat' dir='ltr'><strong>sqq.</strong></span> <span class='ocrx_word' id='word_1_324' title='bbox 1257 4380 1554 4438; x_wconf 89' lang='lat' dir='ltr'><strong>contendit</strong></span> <span class='ocrx_word' id='word_1_325' title='bbox 1596 4385 1669 4454; x_wconf 92' lang='lat' dir='ltr'><strong>(u.</strong></span> <span class='ocrx_word' id='word_1_326' title='bbox 1709 4400 1861 4438; x_wconf 89' lang='lat' dir='ltr'><strong>nunc</strong></span> <span class='ocrx_word' id='word_1_327' title='bbox 1910 4382 2086 4439; x_wconf 90' lang='lat' dir='ltr'><strong>etiam</strong></span> <span class='ocrx_word' id='word_1_328' title='bbox 2132 4383 2353 4438; x_wconf 79' lang='lat' dir='ltr'><strong>Fwnkii</strong></span> <span class='ocrx_word' id='word_1_329' title='bbox 2403 4381 2849 4453; x_wconf 87' lang='lat' dir='ltr'><strong>disputationem</strong></span> 
     </span>
     <span class='ocr_line' id='line_1_40' title="bbox 547 4469 2850 4542; baseline 0 -16"><span class='ocrx_word' id='word_1_330' title='bbox 547 4471 610 4526; x_wconf 90' lang='lat' dir='ltr'><strong>in</strong></span> <span class='ocrx_word' id='word_1_331' title='bbox 658 4469 801 4525; x_wconf 87' lang='lat' dir='ltr'><strong>actis</strong></span> <span class='ocrx_word' id='word_1_332' title='bbox 848 4470 959 4528; x_wconf 89' lang='lat' dir='ltr'><strong>litt.</strong></span> <span class='ocrx_word' id='word_1_333' title='bbox 1002 4470 1319 4526; x_wconf 83' lang='lat' dir='ltr'><strong>‘Katholik’</strong></span> <span class='ocrx_word' id='word_1_334' title='bbox 1363 4477 1527 4540; x_wconf 85' lang='lat'><strong>1900,</strong></span> <span class='ocrx_word' id='word_1_335' title='bbox 1573 4490 1627 4542; x_wconf 91' lang='lat' dir='ltr'><strong>p.</strong></span> <span class='ocrx_word' id='word_1_336' title='bbox 1660 4477 1857 4528; x_wconf 81' lang='lat'><strong>1—14</strong></span> <span class='ocrx_word' id='word_1_337' title='bbox 1902 4474 1961 4528; x_wconf 89' lang='lat' dir='ltr'><strong>et</strong></span> <span class='ocrx_word' id='word_1_338' title='bbox 1997 4473 2107 4529; x_wconf 77' lang='lat' dir='ltr'><strong>Ad.</strong></span> <span class='ocrx_word' id='word_1_339' title='bbox 2144 4472 2465 4528; x_wconf 77' lang='lat' dir='ltr'><strong>Hamaekii</strong></span> <span class='ocrx_word' id='word_1_340' title='bbox 2508 4471 2850 4528; x_wconf 85' lang='lat' dir='ltr'><strong>sententiam</strong></span> 
     </span>
     <span class='ocr_line' id='line_1_41' title="bbox 547 4559 2631 4633; baseline -0 -17"><span class='ocrx_word' id='word_1_341' title='bbox 547 4560 610 4616; x_wconf 87' lang='lat' dir='ltr'><strong>in</strong></span> <span class='ocrx_word' id='word_1_342' title='bbox 646 4560 863 4632; x_wconf 86' lang='lat' dir='ltr'><strong>ephem.</strong></span> <span class='ocrx_word' id='word_1_343' title='bbox 905 4559 1210 4616; x_wconf 83' lang='lat' dir='ltr'><strong>‘Deutsche</strong></span> <span class='ocrx_word' id='word_1_344' title='bbox 1244 4559 1810 4633; x_wconf 81' lang='lat' dir='ltr'><strong>Litteraturzeitung’</strong></span> <span class='ocrx_word' id='word_1_345' title='bbox 1855 4566 2012 4631; x_wconf 85' lang='lat'><strong>1900,</strong></span> <span class='ocrx_word' id='word_1_346' title='bbox 2049 4579 2106 4632; x_wconf 90' lang='lat' dir='ltr'><strong>p.</strong></span> <span class='ocrx_word' id='word_1_347' title='bbox 2137 4565 2205 4617; x_wconf 85' lang='grc'><strong>99</strong></span> <span class='ocrx_word' id='word_1_348' title='bbox 2242 4560 2631 4631; x_wconf 88' lang='lat' dir='ltr'><strong>publicatam).</strong></span> 
     </span>
    </p>
   </div>
  </div>
 </body>
</html>
