3359 5167
610 336 738 401 104
1343 331 1709 388 CANONUM
1744 329 2156 397 RELIQUIAE.

584 501 851 584 ’στήσας
903 502 981 566 τό
1035 522 1106 564 τε
1160 497 1450 582 ἀγίασμά
1504 513 1628 563 σου
1684 496 1773 580 μὴ
1826 496 2206 562 καταλιπὼν
2259 494 2805 580 ἀλειτούργητον,
2871 494 2907 561 ὁ

611 625 739 690 ἀπὸ
783 626 1151 707 καταβολῆς
1195 623 1448 705 κόσμου
1496 620 1860 702 εὐδοκήσας
1896 618 1971 685 ἐν
2008 612 2108 697 οἷς
2144 616 2425 705 ᾑρετίσω
2465 618 2877 705 δοξασθῆναι
2893 640 2908 655 ·

319 757 511 826 LXIX,
542 763 571 823 1
611 745 722 814 καὶ
768 756 899 813 νῦν
945 745 1160 831 ἐπίχεε
1203 745 1326 829 τὴν
1370 745 1549 830 παρὰ
1595 752 1721 809 σοῦ
1768 742 2057 828 δύναμιν
2101 750 2222 808 τοῦ
2268 742 2666 827 ἡγεμονικοῦ
2712 746 2909 811 πνεύ-

610 896 834 958 ματος,
891 871 1051 956 ὅπερ
1100 869 1212 935 διὰ
1257 878 1379 935 τοῦ
1425 866 1852 953 ἠγαπημένου
1901 884 2025 934 σου
2070 869 2310 946 παιδὸς
2348 865 2568 952 Ἰησοῦ
2615 874 2911 955 Χριστοῦ

613 999 986 1084 δεδώρησαι
1051 1007 1192 1072 τοῖς
1245 993 1462 1077 ἁγίοις
1510 1010 1635 1059 σου
1692 992 2119 1077 ἀποστόλοις,
2181 995 2252 1058 οἳ
2300 994 2726 1079 καθίδρυσαν
2772 987 2911 1080 (45)

544 1141 575 1188 5
613 1124 735 1207 τὴν
799 1121 1152 1204 ἐκκλησίαν
1213 1120 1380 1185 κατὰ
1440 1122 1649 1185 τόπον
1712 1116 2118 1203 ἀγιάσματός
2180 1133 2308 1185 σου
2371 1120 2465 1197 εἰς
2529 1117 2731 1197 δόξαν
2801 1116 2912 1185 καὶ

615 1243 810 1313 αἶνον
856 1244 1288 1312 ἀδιάλειπτον
1344 1253 1466 1310 τοῦ
1523 1242 1848 1328 ὀνόματός
1894 1259 2037 1309 σου.
2110 1244 2362 1328 <Δός,>
2408 1245 2912 1329 καρδιογνῶστα

614 1374 906 1456 πάντων,
945 1368 1051 1436 ἐπὶ
1078 1371 1197 1436 τὸν
1226 1369 1478 1435 δοῦλόν
1508 1385 1633 1434 σου
1669 1377 1936 1453 τοῦτον,
1973 1367 2053 1434 ὃν
2090 1365 2351 1447 ἐξελέξω
2392 1370 2487 1446 εἰς
2524 1368 2910 1453 ἐπισκοπήν,

510 1515 577 1563 10
617 1497 1039 1580 (ποιμαίνειν
1093 1494 1214 1578 τὴν
1268 1493 1602 1576 ποίμνην>
1650 1508 1776 1557 σου
1830 1491 1953 1575 τὴν
2009 1489 2207 1574 ἁγίαν
2262 1489 2373 1557 καὶ
2423 1491 2916 1580 ἀρχιερατεύειν

617 1637 755 1705 σοι,
801 1617 1148 1704 ἀμέμπτως
1183 1623 1702 1704 λειτουργοῦντα
1738 1617 1979 1694 νυκτὸς
2013 1613 2124 1682 καὶ
2162 1615 2434 1704 ἡμέρας,
2479 1617 2917 1697 ἀδιαλείπτως

617 1769 686 1811 τε
735 1744 1125 1811 ἱλάσκεσθαι
1171 1744 1247 1809 τὸ
1292 1744 1652 1828 πρόσωπόν
1700 1758 1825 1808 σου
1870 1738 1981 1807 καὶ
2026 1740 2434 1828 προσφέρειν
2472 1760 2578 1809 σοι
2616 1745 2697 1810 τά
2735 1745 2918 1832 δῶρα

617 1878 733 1954 τῆς
796 1865 935 1955 (46)
999 1866 1192 1950 ἀγίας
1256 1884 1381 1934 σου
1447 1865 1794 1951 ἐκκλησίας
1857 1864 1967 1932 καὶ
2031 1874 2123 1954 τῷ
2178 1868 2500 1952 πνεύματι
2553 1876 2648 1957 τῷ
2702 1868 2919 1955 ἀρχιε-

516 2015 582 2063 15
622 1995 865 2082 ρατικῷ
921 1996 1097 2078 ἔχειν
1152 1990 1459 2070 ἐξουσίαν
1513 1988 1787 2076 ἀφιέναι
1843 1989 2165 2077 ἁμαρτίας
2227 1993 2394 2057 κατὰ
2455 1993 2579 2077 τὴν
2643 1991 2920 2077 ἐντολήν

620 2136 768 2205 σου,
813 2121 1077 2185 διδόναι
1112 2118 1401 2204 κλήρους
1435 2117 1602 2182 κατὰ
1636 2117 1712 2181 τὸ
1750 2117 2138 2202 πρόσταγμα
2183 2132 2328 2200 σου,
2375 2117 2564 2183 λύειν
2598 2141 2670 2183 τε
2704 2116 2920 2184 πάντα

622 2246 1000 2329 σύνδεσμον
1068 2243 1236 2308 κατὰ
1290 2242 1412 2326 τὴν
1467 2240 1809 2325 ἐξουσίαν,
1870 2241 1956 2325 ἣν
2011 2241 2263 2319 ἔδωκας
2316 2254 2456 2320 τοῖς
2511 2241 2921 2328 ἀποστόλοις,

516 2393 586 2442 20
623 2371 1002 2458 εὐαρεστεῖν
1053 2392 1123 2434 τε
1179 2365 1287 2433 σοὶ
1332 2364 1418 2432 ’ἐν
1470 2369 1790 2453 πραότητι
1837 2363 1947 2431 καὶ
1992 2373 2261 2454 καθαρᾷ
2310 2369 2580 2456 καρδίᾳ,
2634 2367 2922 2456 προσφέ-

624 2494 830 2581 ροντά
876 2510 982 2560 σοι
1028 2493 1242 2577 ὀσμὴν
1279 2491 1562 2569 εὐωδίας
1597 2491 1712 2556 διά
1755 2500 1878 2557 τοῦ
1914 2493 2154 2569 παιδός
2190 2508 2315 2558 σου
2341 2490 2566 2577 Ἰησοῦ
2605 2497 2922 2580 Χριστοῦ,

622 2628 744 2685 τοῦ
789 2620 1028 2705 κυρίου
1074 2617 1297 2703 ἡμῶν,
1350 2615 1497 2701 μεθ’
1557 2612 1640 2683 οὗ
1687 2632 1795 2682 σοι
1843 2613 2023 2700 δόξα,
2067 2617 2337 2704 κράτος,
2381 2618 2536 2703 τιμὴ
2583 2619 2712 2684 σὺν
2756 2616 2923 2706 ἀγίφ

625 2744 949 2837 πνεύματι
1003 2750 1133 2808 νῦν
1175 2740 1288 2808 καὶ
1335 2739 1437 2808 ἀεὶ
1481 2739 1593 2807 καὶ
1639 2743 1737 2818 εἰς
1779 2743 1941 2818 τοὺς
1985 2738 2121 2826 (47)
2167 2743 2416 2819 αἰῶνας
2460 2754 2596 2809 τῶν
2641 2744 2923 2809 αἰώνων.

615 2866 840 2978 Ἀμήν·

769 3005 845 3063 44
901 3006 1109 3078 (LXIX,
1168 3008 1221 3077 2)
1276 3005 1615 3077 ἡγεμονικοῦ
1667 3004 1987 3076 πνεύματος
2040 3007 2110 3074 cf.
2158 3006 2363 3062 Psalm.
2417 3012 2487 3061 50
2536 3009 2665 3078 (51),
2716 3015 2784 3063 14

628 3096 704 3153 45
725 3100 778 3168 (7
791 3098 894 3167 sq.)
913 3097 1336 3166 καρδιογνῶστα
1354 3093 1584 3151 πάντων
1605 3139 1616 3150 .
1640 3137 1652 3150 .
1675 3092 1742 3151 ὃν
1763 3093 1986 3162 ἐξελέξω
2006 3096 2075 3163 cf.
2097 3095 2221 3151 Act.
2246 3102 2293 3165 1,
2316 3102 2385 3150 24
2495 3098 2570 3167 (9)
2599 3094 2924 3169 ποιμαίνειν

627 3186 730 3256 τὴν
761 3182 1006 3257 ποίμνην
1033 3186 1103 3253 cf.
1132 3184 1280 3240 Petr.
1309 3184 1337 3238 I
1363 3189 1416 3254 5,
1443 3190 1476 3239 2
1507 3184 1650 3256 (Act.
1683 3189 1769 3254 20,
1799 3189 1893 3253 28;
1930 3183 2049 3240 1011.
2078 3190 2165 3254 21,
2198 3186 2287 3255 16)
2360 3183 2438 3241 46
2458 3187 2548 3256 (14
2560 3188 2664 3257 sq.)
2692 3183 2929 3256 ἀφιέναι

628 3271 905 3346 ἁμαρτίας
930 3274 1001 3341 cf.
1038 3272 1155 3329 Ioh.
1195 3279 1284 3343 20,
1322 3279 1390 3328 23
1514 3275 1625 3343 (16)
1662 3269 1891 3328 διδόναι
1927 3272 2164 3342 κλήρους
2199 3276 2309 3328 κτλ.
2348 3276 2642 3346 apocryph.
2679 3276 2796 3330 uid.
2836 3277 2925 3346 (cf.

629 3364 753 3419 Aet.
784 3368 869 3433 20,
900 3368 995 3431 32;
1032 3368 1118 3434 26,
1151 3364 1239 3433 18)
1349 3364 1553 3433 (l7sq.)
1590 3361 1748 3417 λύειν
1778 3405 1825 3417 ..
1854 3359 2045 3417 πάντα
2082 3362 2392 3433 σύνδεσμον
2427 3364 2496 3431 cf.
2527 3362 2676 3419 Esai.
2708 3368 2794 3435 58,
2823 3370 2856 3418 6

630 3457 720 3525 (18
733 3455 836 3524 sq.)
874 3451 1020 3506 κατὰ
1054 3452 1159 3522 τὴν
1198 3447 1474 3521 ἐξουσίαν,
1511 3450 1584 3521 ἣν
1623 3449 1837 3514 ἔδωκας
1871 3459 1989 3514 τοῖς
2024 3448 2355 3516 ἀποστόλοις
2389 3452 2461 3521 cf.
2490 3451 2694 3509 Matth.
2738 3458 2820 3523 18,
2861 3459 2929 3508 18

772 3575 851 3632 44
887 3577 1239 3632 καταλειπὼν
1274 3575 1334 3631 M
1486 3574 1737 3645 ἠρετήσω
1774 3575 1908 3646 ΟΜ,
1954 3573 2188 3646 ἠρετίσω
2226 3577 2275 3633 V
2432 3577 2589 3635 Fort.
2639 3579 2783 3652 [καὶ]
2821 3587 2930 3635 νῦν

629 3675 731 3724 aut
766 3674 874 3722 νῦν
911 3665 969 3721 δ’
1001 3667 1129 3722 Lat.
1161 3666 1290 3737 leqit
1398 3664 1720 3735 πνεύματος
1746 3665 1882 3735 nm
1919 3684 2013 3720 πν.
2052 3683 2154 3721 σου
2192 3666 2257 3736 0,
2296 3667 2478 3736 Ρίὺηι,
2516 3668 2642 3723 dub.
2671 3669 2855 3724 Achel.

631 3756 710 3813 45
749 3757 887 3813 Gwm
922 3756 1051 3810 Lat.
1089 3756 1156 3810 de
1191 3752 1442 3825 ἀγίασμά
1478 3770 1581 3809 σου
1615 3755 1849 3826 coyitari
1878 3761 1991 3824 pot.
2121 3755 2200 3820 εἰς
2226 3752 2403 3822 δόξαν
2430 3789 2501 3798 -
2529 3754 2803 3826 ὀνόματός
2830 3775 2931 3812 σου

632 3847 761 3902 add.
790 3845 889 3900 m.²
916 3845 981 3899 im
1006 3862 1177 3916 mwry.
1205 3844 1372 3901 codic.
1403 3841 1450 3899 0
1575 3839 1690 3906 Δός
1715 3860 1816 3899 om.
1847 3843 2025 3912 (mv,
2060 3850 2122 3900 at
2146 3846 2215 3913 cf.
2245 3845 2394 3915 Lat„
2422 3845 2599 3914 Aeta„
2629 3846 2769 3915 GA.;
2799 3854 2931 3917 post

632 3934 861 3990 πάντων
896 3935 1059 3989 mer.
1097 3933 1216 3989 edd.
1348 3933 1464 3987 Pro
1498 3930 1731 3987 πάντων
1766 3933 1897 3988 Lat.
1935 3940 1986 3988 et
2012 3934 2168 3989 Aeth.
2199 3934 2295 4004 leq.
2333 3931 2512 4003 πάτερ
2628 3935 2766 3992 Cum
2800 3936 2929 3992 Lat.

632 4031 683 4080 et
708 4024 864 4080 Aeth.
893 4022 1147 4092 supplevi
1179 4018 1506 4092 ποιμαίνειν
1540 4021 1646 4091 τὴν
1682 4019 1948 4092 ποίμνην,
1983 4022 2054 4089 cf.
2070 4021 2182 4077 CA.
2198 4043 2218 4076 .·
2252 4020 2578 4093 ποιμαίνειν
2615 4024 2719 4094 τὴν
2760 4021 2933 4096 ἁγίαν

633 4130 735 4169 σου
768 4109 1042 4182 ποίμνην;
1096 4112 1248 4167 codd.
1287 4117 1339 4167 et
1373 4112 1523 4167 edd..·
1573 4110 1654 4174 εἰς
1698 4109 2010 4180 ἐπισκοπήν
2058 4127 2159 4166 σου
2208 4109 2313 4180 τὴν
2349 4109 2522 4183 ἁγίαν
2557 4113 2657 4166 καὶ
2867 4112 2934 4168 τὸ

632 4199 933 4273 πρόσωπόν
963 4219 1064 4257 σου
1092 4200 1158 4270 0,
1196 4200 1345 4269 Lat„
1383 4201 1518 4269 CA„
1554 4202 1683 4257 dub.
1705 4201 1913 4268 Achel.;
1947 4205 2023 4274 τῷ
2050 4202 2328 4275 προσώπῳ
2366 4219 2465 4257 σου
2492 4202 2621 4271 HV,
2658 4209 2773 4258 cett.
2811 4203 2932 4259 edd.

706 4292 862 4349 Fort.
901 4288 1244 4361 προσφέρειν
1283 4291 1418 4363 [σοι]
1455 4290 1571 4359 fuit
1607 4293 1674 4346 in
1714 4291 1811 4346 Gr.
1850 4291 2072 4374 exempl:
2235 4288 2313 4346 46
2350 4290 2587 4362 ἀφιέναι
2624 4294 2759 4362 (mm
2795 4293 2934 4347 ἀνα-

634 4396 852 4471 φιὲναι)
889 4399 1042 4456 codd.
1209 4395 1461 4461 δέδωκας
1497 4397 1544 4455 0
1715 4371 2043 4466 εὐαρεστεῑντ
2045 4377 2159 4452 1’σοι
2207 4398 2256 4454 V
2303 4397 2386 4468 (τέ
2429 4398 2528 4454 m.¹
2572 4398 2725 4467 add.)
2739 4419 2761 4466 ;
2805 4399 2932 4466 fort.

637 4488 706 4545 δέ
738 4506 862 4546 cum
890 4489 1020 4545 Lat.
1050 4493 1100 4545 et
1131 4488 1245 4544 CA.
1278 4488 1373 4559 leq.
1490 4494 1591 4542 τοῦ
1619 4483 1819 4556 κυρίου
1853 4486 2010 4558 ἡμῶν
2046 4488 2190 4544 deest
2225 4503 2315 4558 ap.
2353 4487 2483 4543 Lat.
2558 4482 2701 4554 δόξα
2736 4502 2839 4544 om.
2876 4485 2938 4542 Π
