3359 5167
634 374 721 438 94
1386 372 1748 428 CANONUM
1784 373 2192 440 RELIQUIAE.

635 540 955 622 σθήσεται
990 539 1168 625 παρὰ
1204 546 1295 627 τῷ
1333 544 1491 627 θεῷ.
1670 537 1814 623 XX,
1858 540 1914 605 1.
1959 541 2408 617 Ματθαῖος
2454 529 2716 605 εἶπεν·
2762 538 2930 605 Διά-

346 679 494 735 LXV
534 684 600 734 15
638 688 824 730 κονοι
860 662 1431 728 καθιστάσθωσαν
1470 660 1651 748 <γ’>·
1701 660 2090 749 γέγραπται·
2151 662 2313 730 Ἐπὶ
2359 676 2600 751 τριῶν
2638 667 2931 749 σταθή-

631 805 852 855 σεται
887 798 1039 854 πᾶν
1077 787 1277 874 ῥῆμα
1312 791 1615 875 κυρίου.
1704 788 1766 852 2.
1786 786 2132 854 ’Έστωσαν
2169 789 2718 875 δεδοκιμασμένοι
2754 790 2929 876 πάσῃ

631 916 936 1001 διακονίᾳ
953 963 973 998 ,
1044 910 1616 999 μεμαρτυρημένοι
1682 913 1860 999 παρὰ
1928 922 2049 979 τοῦ
2124 918 2430 999 πλήθους
2447 964 2467 999 ,
2540 918 2930 1001 μονόγαμοι,

630 1042 1064 1126 τεκνοτρόφοι
1084 1088 1104 1123 ,
1150 1039 1534 1124 σώφρονες,
1590 1035 1897 1114 ἐπιεικεῖς
1918 1086 1937 1121 ,
1982 1038 2219 1122 ἥσυχοι
2241 1087 2260 1123 ,
2306 1038 2395 1123 μὴ
2441 1041 2794 1123 γόγγυσοι,
2840 1040 2928 1124 μὴ

525 1180 594 1229 20
631 1165 1012 1249 δίγλωσσοι,
1055 1165 1145 1249 μὴ
1182 1163 1441 1251 ὀργίλοι
1480 1160 1675 1251 (ὀργὴ
1712 1164 1839 1249 γὰρ
1879 1163 2249 1229 ἀπόλλυσιν
2285 1164 2501 1251 ἄνδρα
2546 1161 2931 1252 φρόνιμον),

630 1289 719 1374 μὴ
792 1292 1150 1375 πρόσωπον
1224 1289 1551 1353 πλουσίου
1634 1288 2084 1372 λαμβάνοντες
2165 1284 2332 1372 μηδὲ
2411 1285 2658 1374 πένητα
2739 1314 2929 1355 κατα-

632 1414 1154 1490 δυναστεύοντες
1198 1409 1366 1498 μηδὲ
1411 1420 1575 1501 οίνφ
1612 1411 1838 1500 πολλῷ
1874 1414 2224 1499 χρώμενοι,
2270 1413 2646 1480 εῦσκυλτοι·
2707 1415 2768 1479 3.
2796 1425 2931 1479 τῶν

524 1557 592 1606 25
628 1541 940 1625 κρυφίων
1013 1540 1230 1624 ἔργων
1300 1535 1494 1603 καλοὶ
1566 1540 2040 1626 προτρεπτικοί
2051 1587 2071 1622 ,
2144 1536 2702 1621 ἐπαναγκάζοντες
2774 1542 2931 1615 τοὺς

631 1667 903 1749 ἔχοντας
965 1673 1101 1729 τῶν
1165 1662 1477 1747 ἀδελφῶν
1540 1661 1801 1729 ἀπλοῦν
1854 1664 1970 1740 τὰς
2023 1673 2275 1749 χεῖρας,
2329 1659 2441 1728 καὶ
2497 1660 2689 1729 αὐτοὶ
2744 1663 2930 1747 εὐμε-

630 1789 920 1874 τάδοτοι,
963 1792 1380 1873 κοινωνικοί,
1425 1788 1601 1875 πάσῃ
1647 1796 1803 1875 τιμῇ
1848 1786 1959 1854 καὶ
2006 1787 2292 1875 ἐντροπῇ
2337 1787 2449 1854 καὶ
2496 1791 2685 1876 φόβῳ
2732 1788 2929 1872 τιμώ-

629 1937 820 1999 μενοι
865 1914 993 1979 ἀπὸ
1041 1921 1162 1980 τοῦ
1207 1915 1544 1999 πλήθους,
1604 1912 1925 1998 ἐπιμελῶς
1969 1912 2407 2000 προσέχοντες
2451 1923 2591 1989 τοῖς
2636 1912 2930 1990 ἀτάκτως

526 2058 595 2106 3ο
629 2045 1130 2125 περιπατοῦσιν,
1177 2038 1296 2116 οὓς
1340 2035 1462 2124 μὲν
1507 2045 2028 2123 νουθετοῦντες,
2088 2038 2208 2115 οὓς
2254 2035 2330 2104 δὲ
2374 2044 2929 2125 παρακαλοῦντες,

633 2163 752 2241 οὓς
796 2160 872 2229 δὲ
932 2163 1379 2249 ἐπιτιμῶντες·
1444 2167 1604 2241 τοὺς
1657 2161 1733 2229 δὲ
1790 2172 2379 2251 καταφρονοῦντας
2437 2161 2670 2241 τελέως
2722 2186 2930 2250 παρα-

632 2292 1067 2374 πεμπόμενοι,
1121 2290 1395 2373 εἰδότες,
1451 2289 1552 2354 ὅτι
1609 2289 1675 2353 οὶ
1732 2288 2074 2372 ἀντίλογοι
2120 2286 2232 2355 καὶ
2276 2288 2773 2376 καταφρονηταὶ
2816 2286 2929 2355 καὶ

526 2433 593 2483 35
632 2414 931 2500 λοίδοροι
988 2419 1252 2503 Χριστῷ
1317 2412 1771 2492 ἀντετάξαντο.
1960 2413 2143 2499 XXI,
2196 2415 2250 2479 1.
2314 2419 2613 2500 Κηφᾶς
2667 2404 2927 2480 εἶπεν·

348 2557 523 2613 LXVI
563 2564 590 2612 1
631 2544 847 2625 Χῆραι
928 2536 1571 2605 καθιστανέσθωσαν
1644 2549 1844 2625 τρεῖς·
1929 2539 2004 2604 αἰ
2087 2539 2211 2604 δύο
2284 2537 2776 2627 προσμένουσαι
2848 2548 2928 2625 τῇ

630 2673 965 2751 προσευχῇ
1042 2662 1194 2751 περὶ
1281 2663 1552 2730 πάντων
1630 2664 1854 2750 <τῶν>
1939 2662 2012 2729 ἐν
2096 2667 2292 2752 πείρᾳ
2371 2662 2484 2730 καὶ
2566 2665 2733 2751 πρὸς
2812 2664 2929 2740 τὰς

776 2946 840 3003 G.
869 2947 1012 3021 XX,
1044 2954 1071 3002 1
1104 2947 1288 3019 (LXV,
1318 2952 1385 3001 15
1397 2948 1501 3018 sq.)
1532 2944 1662 3002 Ἐπὶ
1688 2955 1859 3017 τριῶν
1885 2949 1998 3003 κτλ.
2036 2946 2202 3003 Dent.
2236 2952 2319 3017 19,
2352 2952 2445 3017 15;
2481 2947 2686 3002 Massth.
2718 2952 2802 3016 18,
2834 2953 2929 3017 163

631 3037 752 3092 Cor.
790 3037 842 3090 II
880 3043 964 3106 13,
995 3043 1023 3090 1
1064 3038 1282 3107 (quibus
1317 3037 1450 3092 locis
1485 3034 1684 3106 κυρίου
1720 3039 1845 3107 om.)
1989 3042 2022 3090 2
2060 3038 2293 3108 (lessq.)
2333 3036 2416 3106 Of.
2447 3035 2589 3091 Tim.
2616 3037 2643 3090 Ι
2671 3042 2722 3106 3,
2751 3040 2928 3090 8-13

629 3133 680 3181 et
714 3127 801 3196 (de
836 3126 1102 3197 episcopo)
1130 3126 1271 3181 Tim.
1301 3127 1328 3180 Ι
1358 3132 1408 3195 3,
1439 3131 1495 3197 33
1535 3125 1647 3182 Tit.
1678 3133 1729 3196 1,
1760 3132 1788 3181 ’1
1944 3130 2150 3199 (208(1.)
2189 3126 2272 3196 Cf.
2301 3125 2567 3181 Prouerb.
2603 3131 2690 3193 15,
2719 3132 2747 3179 1
2789 3125 2927 3196 ὀργὴ

630 3212 936 3271 ἀπόλλυσιν
990 3215 1087 3269 καὶ
1142 3213 1452 3285 φρονίμους
1694 3222 1727 3269 3
1765 3221 1856 3288 (26
1875 3219 1978 3287 sq.)
2036 3214 2423 3286 εὐμετάδοτοι,
2481 3212 2802 3271 κοινωνικοί
2855 3214 2924 3281 ef.

580 3329 584 3332 ⁴
630 3303 771 3359 Tim.
809 3305 835 3357 I
872 3311 922 3373 6,
963 3309 1029 3358 18
1185 3306 1300 3376 (28)
1334 3306 1634 3376 τιμώμενοι
1667 3323 1724 3359 u.
1764 3307 1965 3376 Διδαχ.
2006 3310 2091 3375 16,
2129 3311 2162 3359 2
2334 3306 2448 3376 (29)
2486 3303 2741 3368 ἀτάκτως
2773 3322 2927 3373 περι-

629 3401 906 3449 πατοῦσιν
941 3394 1011 3461 ef.
1041 3393 1233 3449 Thess,
1272 3394 1324 3446 H
1360 3400 1411 3462 3,
1441 3400 1474 3449 6
1511 3400 1561 3449 et
1600 3400 1663 3448 11
1776 3396 1868 3463 (30
1878 3397 1983 3466 sq.)
2019 3397 2428 3458 νουθετοῦντες
2464 3426 2532 3435 -
2571 3393 2928 3465 ἐπιτιμῶντες

627 3500 684 3537 u.
737 3482 929 3538 Thess,
977 3482 1004 3535 1
1054 3488 1120 3552 5,
1169 3489 1239 3537 14
1292 3490 1344 3539 et
1406 3482 1547 3538 Tim.
1595 3483 1647 3536 Π
1692 3488 1762 3553 4,
1808 3489 1841 3537 2
2093 3486 2205 3556 (35)
2266 3487 2485 3557 Χριστῷ
2550 3481 2928 3549 ἀντετάξαντο

518 3642 523 3646 .
629 3572 698 3639 cf.
763 3568 894 3626 Luc.
937 3576 1029 3642 10,
1070 3577 1137 3625 16
1387 3571 1574 3647 XXI,
1634 3578 1662 3626 1
1704 3572 1924 3644 (LXVI,
1966 3576 2151 3644 lssq.)
2204 3573 2295 3628 De
2348 3573 2542 3628 uiduis
2595 3573 2665 3640 cf.
2721 3570 2863 3626 Tim.
2902 3571 2929 3624 I

631 3667 683 3730 5,
721 3667 754 3716 5
790 3668 841 3717 et
879 3666 947 3716 10

775 3929 841 3987 O.
877 3930 1038 4004 XX,
1080 3937 1108 3985 1
1149 3930 1383 4005 (τρεῖς)
1419 3932 1468 3985 Ι.
1503 3930 1610 3986 Gu.
1641 3930 1882 3999 Biekell,
1927 3930 2126 3998 Funk';
2182 3947 2391 3986 numer.
2430 3931 2603 3987 excid.
2640 3931 2757 3985 uid.
2786 3930 2850 3984 in
2875 3929 2925 3986 V

631 4018 1155 4090 (καθίστάσθωσαν
1219 4020 1567 4093 γέΙγραπται)
1577 4062 1596 4087 ,
1658 4021 1801 4076 deest
1852 4022 1916 4074 in
1959 4022 2502 4090 interpretationibus
2708 4026 2738 4075 2
2790 4023 2925 4084 λαμ-

631 4106 902 4183 βάνοντες
946 4113 1026 4182 (ες
1078 4109 1143 4164 in
1195 4126 1326 4177 raaz,
1380 4124 1517 4164 corr.
1573 4108 1694 4179 m.²)
1910 4115 1942 4162 3
1997 4109 2200 4165 ἀπλοῑν
2439 4108 2619 4181 XXI,
2670 4114 2696 4160 1
2746 4108 2808 4161 αὶ
2845 4108 2929 4179 (in

629 4217 761 4268 ras„
805 4199 902 4254 m.¹
947 4215 1083 4254 corr.
1120 4198 1263 4267 uid.)
1406 4196 1637 4252 πάντων
1674 4197 1873 4272 <τῶν>
1910 4197 2052 4269 Laq.
