3359 5167
1128 392 1611 450 DIDASCALIAE
1646 391 2121 449 FRAGMENTA.
2680 392 2764 458 51

650 578 943 644 seruus,
990 555 1255 623 ²⁸sicut
1299 557 1522 624 filius
1566 556 1908 622 hominis
1950 578 2107 623 non
2152 555 2374 621 uenit
2764 554 3043 622 XXXV

652 663 1112 751 ministrari,
1157 665 1288 730 sed
1331 664 1779 730 ministrare
1824 666 1898 729 et
1944 664 2121 729 dare
2166 664 2324 730 ani-

650 793 840 836 mam
883 793 1091 836 suam
1137 772 1752 857 redemptionem
1796 792 1938 855 pro
1983 770 2277 836 multis.

650 876 752 943 Ita
797 899 951 965 ergo
999 881 1065 944 et
1108 900 1228 943 uos
1276 879 1577 944 diaconos
1623 882 1880 963 oportet
1923 877 2151 963 facere,
2770 895 2840 945 35

647 988 740 1071 ut,
786 985 844 1049 si
887 984 1234 1049 necessitas
1277 1006 1396 1050 uos
1436 975 1729 1072 exegerit
1775 988 1841 1050 et
1885 984 2166 1050 animam
2211 1006 2331 1071 pro
2773 984 3091 1053 XXXVI

649 1091 849 1157 fratre
894 1113 1151 1177 ponere,
1194 1114 1311 1176 per
1354 1092 1787 1157 ministerium
1831 1096 2123 1158 uestrum

647 1198 907 1285 ponatis
951 1197 1204 1263 nolite*
1247 1197 1561 1262 dubitare.
1606 1196 1674 1265 Ν
1675 1219 1748 1263 ec
1793 1198 1967 1263 enim
2013 1194 2434 1287 d(omi)n(u)s
2480 1202 2546 1264 et

652 1305 938 1371 saluator
981 1308 1204 1370 noster
1246 1304 1609 1370 haesitabat
1653 1305 1941 1370 seruiens
1985 1327 2096 1370 no—

651 1413 772 1500 bis,
818 1412 1011 1478 sicuti
1057 1415 1122 1477 et
1164 1434 1282 1498 per
1325 1410 1585 1477 Eseiam
1629 1412 2006 1478 mandatum
2051 1416 2174 1478 est:
2811 1430 2843 1478 5

650 1518 1097 1585 Iustificare
1143 1519 1429 1585 iustum
1473 1519 1664 1585 bene
1710 1519 2182 1585 seruientem
2226 1518 2519 1586 multis.

653 1626 725 1693 Si
771 1648 924 1714 ergo
972 1622 1393 1715 d(omi)n(u)s
1440 1626 1599 1692 caeli
1646 1630 1713 1692 et
1757 1630 1963 1692 terrae
2008 1625 2197 1692 nobis
2242 1627 2471 1694 seruiit
2514 1630 2581 1693 et

652 1733 869 1800 omnia
913 1755 1142 1818 passus
1187 1737 1286 1799 est
1328 1737 1595 1819 propter
1637 1755 1759 1800 nos
1804 1737 1872 1799 et
1914 1733 2242 1821 sustinuit,

653 1841 975 1926 quomodo
1021 1861 1154 1905 non
1199 1840 1409 1927 magis
1452 1862 1572 1906 nos
1619 1843 1877 1927 oportet
1919 1840 2046 1906 hoc
2089 1841 2181 1906 fa-

653 1970 795 2013 cere
838 1970 958 2033 pro
1005 1947 1332 2035 fratribus,
1379 1948 1533 2034 quia
1578 1947 1880 2033 discipuli
1924 1948 2063 2013 eius
2108 1969 2210 2013 su·
2778 1934 2846 2016 10

650 2077 796 2120 mus
842 2059 907 2120 et
950 2055 1166 2120 locum
1215 2051 1518 2142 Ohr(ist)i
1562 2055 1834 2121 sortiti?
1966 2054 2034 2121 N
2035 2077 2139 2120 am
2185 2058 2253 2120 et
2296 2054 2365 2119 in
2411 2041 2601 2121 euan-

653 2160 825 2249 gelio
872 2160 1219 2226 inuenietis
1263 2161 1596 2247 scriptum,
1642 2162 1969 2247 quomodo
2016 2158 2439 2251 d(omi)n(u)s

653 2272 874 2334 noster
917 2267 1295 2354 succingens
1339 2289 1407 2334 se
1451 2267 1726 2333 linteum
1772 2272 1839 2333 et
1881 2268 2112 2355 accipi-

657 2397 769 2441 ens
814 2375 883 2440 in
927 2375 1117 2460 pelue
1161 2396 1396 2460 aquam
1441 2375 1965 2441 recumbentibus
2012 2376 2215 2441 omni-

654 2483 779 2547 bus
824 2481 1014 2547 nobis
1058 2482 1326 2547 ueniens
1368 2481 1535 2547 lauit
1576 2483 1772 2567 pedes
1815 2486 2073 2548 nostros
2120 2484 2185 2548 et
2229 2481 2335 2549 de-
2780 2502 2845 2551 15

652 2590 841 2655 tersit
884 2588 1012 2654 de*
1055 2589 1274 2654 linteo,
1409 2587 1556 2654 Hoc
1600 2592 1817 2655 autem
1861 2589 2103 2655 faciens
2148 2592 2358 2656 osten-

658 2696 852 2761 debat
895 2695 1247 2761 fraternam
1292 2694 1645 2782 natitatem,
1691 2699 1767 2761 ut
1812 2699 1878 2761 et
1920 2718 2041 2761 nos
2086 2695 2250 2761 inui-

659 2824 796 2867 cem
842 2803 967 2868 hoc
1011 2803 1321 2868 faciamus
1331 2801 1386 2867 ²¹⁸.
1523 2800 1596 2869 Si
1641 2824 1797 2889 ergo
1845 2799 2265 2891 d(omi)n(u)s
2309 2802 2435 2867 hoc
2470 2802 2641 2890 fecit,

656 2931 794 2996 uos,
842 2909 1156 2997 diacones,
1202 2909 1405 2975 nolite
1452 2909 1767 2996 dubitare,
1810 2912 1885 2976 ut
1931 2910 2305 2995 superinpo-

659 3019 886 3082 nentes
931 3019 996 3082 et
1041 3017 1317 3082 infirmis
1360 3016 1486 3082 hoc
1531 3016 1801 3104 faciatis,
1846 3016 1999 3102 quia
2045 3038 2263 3103 opera-
2781 3043 2852 3091 20

657 3122 742 3187 rii
787 3123 1082 3188 ueritatis
1127 3123 1299 3210 estis,
1347 3121 1653 3211 Chr(ist)i
1699 3122 1992 3208 exemplo
2038 3121 2363 3189 succincti.

660 3226 1026 3295 Ministrate
1070 3229 1275 3316 igitur
1319 3250 1468 3294 cum
1512 3229 1875 3315 dilectione,
1917 3249 2051 3294 non

657 3340 1134 3408 murmurantes
1178 3357 1297 3400 nec
1343 3334 1741 3422 dubitantes3
1784 3357 1935 3400 nam
1980 3336 2038 3401 si

658 3442 754 3510 ita
798 3443 1011 3529 agitis,
1055 3442 1406 3508 secundum
1452 3442 1783 3512 hominem
1827 3442 2041 3509 facitis
2087 3465 2163 3510 ea

658 3553 724 3616 et
768 3570 900 3614 non
948 3550 1300 3616 secundum
1344 3547 1616 3637 D(eu)m
1662 3553 1729 3616 et
1772 3550 2129 3616 mercedem
2173 3571 2312 3616 ues-
2781 3579 2850 3628 25

622 3705 894 3764 XXXVI
929 3707 1068 3779 (Fol.
1110 3712 1235 3777 76²¹?
1276 3706 1440 3773 Quat.
1479 3707 1598 3777 VH,
1635 3726 1692 3778 p.
1721 3710 1776 3779 8)
1922 3712 1954 3762 6
1990 3706 2142 3763 Esai.
2181 3711 2267 3777 53,
2307 3713 2390 3763 11.

626 3854 694 3902 32
716 3865 909 3904 seruus
920 3849 1093 3920 (δραι.
1105 3850 1277 3905 trium
1287 3850 1411 3920 litt.)
1424 3848 1572 3904 sicut
1588 3849 1739 3916 filius
1757 3848 2002 3916 hominis
2021 3865 2137 3902 non
2155 3847 2315 3914 uenit
2387 3853 2454 3902 33
2473 3848 2783 3916 ministrari

625 3937 894 3994 XXXVI
931 3943 963 3992 3
999 3938 1156 3994 Inter
1189 3937 1417 4008 ponatis
1454 3944 1506 3994 et
1538 3936 1727 3992 Nolite
1762 3945 1903 4009 spat.
1942 3938 2104 3994 duar.
2143 3938 2244 3993 litt.
2400 3944 2432 3992 6
2467 3936 2784 4006 Iustificare

482 4027 699 4095 iustum
732 4026 877 4083 bene
914 4026 1253 4094 seruientem
1288 4025 1483 4094 multis
1611 4032 1643 4081 9
1680 4027 1789 4094 hoc
1924 4032 1988 4082 11
2027 4026 2089 4093 in
2126 4041 2274 4093 enan
2409 4031 2476 4081 12
2513 4027 2663 4097 gelio
2699 4032 2784 4094 in-

483 4116 727 4173 uenietis
849 4132 1019 4184 quom
1034 4116 1153 4185 (ἰη.1
1189 4133 1325 4172 corr.
1353 4134 1413 4170 m
1438 4134 1508 4172 ex
1542 4115 1599 4187 d)
1611 4115 1719 4171 odo
1830 4120 1897 4170 14
1934 4114 2088 4183 omni
2198 4120 2265 4169 15
2300 4114 2408 4182 bus
2518 4122 2584 4170 16
2620 4115 2786 4183 tersit

485 4207 557 4261 de
602 4206 780 4274 linteo
819 4204 994 4275 (spat.
1034 4206 1196 4262 duwr.
1235 4207 1359 4276 litt.)
1394 4205 1516 4273 Hoc
1688 4209 1756 4259 18
1808 4203 1889 4259 sic
1934 4206 1985 4275 (c
2032 4211 2083 4261 et
2119 4210 2329 4275 pumcto
2362 4222 2404 4261 s.
2445 4206 2479 4260 l.
2509 4206 2691 4276 posito
2736 4211 2787 4262 et

487 4349 636 4404 linea
670 4348 893 4419 obliqw
928 4349 1052 4419 del.)
1226 4352 1295 4402 20
1331 4308 1521 4414 facitis
1557 4349 1613 4418 (a
1647 4365 1689 4403 8.
1727 4364 1772 4404 8.
1807 4346 1926 4419 m.²)
2090 4362 2261 4418 opera.
2421 4353 2486 4401 21
2525 4346 2784 4415 ueritatis

560 4441 628 4491 22
668 4435 970 4504 dilectione
1004 4454 1120 4505 non
1266 4442 1334 4491 23
1370 4438 1528 4495 Inter
1563 4435 1892 4493 dubitantes
1928 4441 1980 4492 et
2012 4452 2148 4492 nam
2181 4442 2323 4507 spat.
2339 4504 2346 4509 ⁸
2361 4436 2521 4494 duam.
2561 4436 2663 4494 litt.

489 4529 559 4580 25
596 4524 900 4593 secundum
1041 4526 1356 4594 mercedem

2288 4613 2360 4669 4*
