<?xml version="1.0" encoding="UTF-8"?>
<!DOCTYPE html PUBLIC "-//W3C//DTD XHTML 1.0 Transitional//EN"
    "http://www.w3.org/TR/xhtml1/DTD/xhtml1-transitional.dtd">
<html xmlns="http://www.w3.org/1999/xhtml" xml:lang="en" lang="en">
 <head>
  <title>
</title>
<meta http-equiv="Content-Type" content="text/html;charset=utf-8" />
  <meta name='ocr-system' content='tesseract 3.04.00' />
  <meta name='ocr-capabilities' content='ocr_page ocr_carea ocr_par ocr_line ocrx_word'/>
</head>
<body>
  <div class='ocr_page' id='page_1' title='image "./didascaliaeapos00haulgoog_0103.png"; bbox 0 0 3359 5167; ppageno 0'>
   <div class='ocr_carea' id='block_1_1' title="bbox 1094 400 2736 467">
    <p class='ocr_par' dir='ltr' id='par_1_1' title="bbox 1094 400 2736 467">
     <span class='ocr_line' id='line_1_1' title="bbox 1094 400 2736 467; baseline 0.002 -11"><span class='ocrx_word' id='word_1_1' title='bbox 1094 401 1572 458; x_wconf 84' lang='lat' dir='ltr'><strong>DIDASCALIAE</strong></span> <span class='ocrx_word' id='word_1_2' title='bbox 1608 400 2084 458; x_wconf 83' lang='lat' dir='ltr'>FRAGMENTA.</span> <span class='ocrx_word' id='word_1_3' title='bbox 2650 401 2736 467; x_wconf 85' lang='lat'>83</span> 
     </span>
    </p>
   </div>
   <div class='ocr_carea' id='block_1_2' title="bbox 618 563 2912 2473">
    <p class='ocr_par' dir='ltr' id='par_1_2' title="bbox 619 563 2912 758">
     <span class='ocr_line' id='line_1_2' title="bbox 619 563 2912 651; baseline 0 -20"><span class='ocrx_word' id='word_1_4' title='bbox 619 589 658 631; x_wconf 90' lang='lat' dir='ltr'>a</span> <span class='ocrx_word' id='word_1_5' title='bbox 701 567 890 632; x_wconf 90' lang='lat' dir='ltr'>uobis</span> <span class='ocrx_word' id='word_1_6' title='bbox 936 566 1273 651; x_wconf 76' lang='lat' dir='ltr'>speratur?</span> <span class='ocrx_word' id='word_1_7' title='bbox 1324 566 1413 630; x_wconf 78' lang='lat' dir='ltr'>Et</span> <span class='ocrx_word' id='word_1_8' title='bbox 1460 586 1538 630; x_wconf 85' lang='lat' dir='ltr'>ex</span> <span class='ocrx_word' id='word_1_9' title='bbox 1585 587 1680 651; x_wconf 85' lang='lat' dir='ltr'>ec,</span> <span class='ocrx_word' id='word_1_10' title='bbox 1729 566 1901 650; x_wconf 87' lang='lat' dir='ltr'>quod</span> <span class='ocrx_word' id='word_1_11' title='bbox 1945 565 2108 630; x_wconf 87' lang='lat' dir='ltr'>tales</span> <span class='ocrx_word' id='word_1_12' title='bbox 2154 565 2364 631; x_wconf 89' lang='lat' dir='ltr'>obser·</span> <span class='ocrx_word' id='word_1_13' title='bbox 2738 563 2912 632; x_wconf 84' lang='lat' dir='ltr'>LIX</span> 
     </span>
     <span class='ocr_line' id='line_1_3' title="bbox 619 673 2107 758; baseline -0.001 -20"><span class='ocrx_word' id='word_1_14' title='bbox 619 674 911 739; x_wconf 89' lang='lat' dir='ltr'>uationes</span> <span class='ocrx_word' id='word_1_15' title='bbox 956 673 1316 758; x_wconf 85' lang='lat' dir='ltr'>custoditis,</span> <span class='ocrx_word' id='word_1_16' title='bbox 1362 694 1477 757; x_wconf 88' lang='lat' dir='ltr'>per</span> <span class='ocrx_word' id='word_1_17' title='bbox 1522 673 1955 756; x_wconf 79' lang='lat' dir='ltr'>suspicionem</span> <span class='ocrx_word' id='word_1_18' title='bbox 2000 696 2107 737; x_wconf 88' lang='lat' dir='ltr'>ua-</span> 
     </span>
    </p>

    <p class='ocr_par' dir='ltr' id='par_1_3' title="bbox 618 779 2410 877">
     <span class='ocr_line' id='line_1_4' title="bbox 618 779 2410 877; baseline -0.001 -31"><span class='ocrx_word' id='word_1_19' title='bbox 618 782 782 846; x_wconf 79' lang='lat' dir='ltr'>catio</span> <span class='ocrx_word' id='word_1_20' title='bbox 830 781 899 846; x_wconf 90' lang='lat' dir='ltr'>in</span> <span class='ocrx_word' id='word_1_21' title='bbox 944 781 1134 846; x_wconf 90' lang='lat' dir='ltr'>uobis</span> <span class='ocrx_word' id='word_1_22' title='bbox 1180 805 1218 846; x_wconf 90' lang='lat' dir='ltr'>a</span> <span class='ocrx_word' id='word_1_23' title='bbox 1264 784 1486 877; x_wconf 78' lang='lat' dir='ltr'>sancto</span> <span class='ocrx_word' id='word_1_24' title='bbox 1533 779 1829 868; x_wconf 88' lang='lat' dir='ltr'>sp(irit)u</span> <span class='ocrx_word' id='word_1_25' title='bbox 1876 782 2001 845; x_wconf 93' lang='lat' dir='ltr'>erit</span> <span class='ocrx_word' id='word_1_26' title='bbox 2046 785 2111 846; x_wconf 91' lang='lat' dir='ltr'>et</span> <span class='ocrx_word' id='word_1_27' title='bbox 2156 781 2410 865; x_wconf 89' lang='lat' dir='ltr'>repleti-</span> 
     </span>
    </p>

    <p class='ocr_par' dir='ltr' id='par_1_4' title="bbox 621 887 2091 954">
     <span class='ocr_line' id='line_1_5' title="bbox 621 887 2091 954; baseline -0.001 -1"><span class='ocrx_word' id='word_1_28' title='bbox 621 912 658 953; x_wconf 93' lang='lat' dir='ltr'>o</span> <span class='ocrx_word' id='word_1_29' title='bbox 705 888 786 952; x_wconf 86' lang='lat' dir='ltr'>ab</span> <span class='ocrx_word' id='word_1_30' title='bbox 834 887 1143 952; x_wconf 89' lang='lat' dir='ltr'>inmundo</span> <span class='ocrx_word' id='word_1_31' title='bbox 1191 891 1255 952; x_wconf 85' lang='lat' dir='ltr'>et</span> <span class='ocrx_word' id='word_1_32' title='bbox 1301 889 1394 952; x_wconf 87' lang='lat' dir='ltr'>ita</span> <span class='ocrx_word' id='word_1_33' title='bbox 1439 888 1563 953; x_wconf 84' lang='lat' dir='ltr'>erit</span> <span class='ocrx_word' id='word_1_34' title='bbox 1607 888 1783 953; x_wconf 85' lang='lat' dir='ltr'>uitae</span> <span class='ocrx_word' id='word_1_35' title='bbox 1829 888 2091 954; x_wconf 87' lang='lat' dir='ltr'>reiectio</span> 
     </span>
    </p>

    <p class='ocr_par' dir='ltr' id='par_1_5' title="bbox 618 994 2810 1187">
     <span class='ocr_line' id='line_1_6' title="bbox 619 994 2810 1061; baseline 0 -1"><span class='ocrx_word' id='word_1_36' title='bbox 619 999 685 1060; x_wconf 89' lang='lat' dir='ltr'>et</span> <span class='ocrx_word' id='word_1_37' title='bbox 729 994 1071 1060; x_wconf 72' lang='lat' dir='ltr'><strong>conbustio</strong></span> <span class='ocrx_word' id='word_1_38' title='bbox 1117 998 1393 1059; x_wconf 88' lang='lat' dir='ltr'>aeterna.</span> <span class='ocrx_word' id='word_1_39' title='bbox 1573 994 1794 1060; x_wconf 79' lang='lat' dir='ltr'>Dicito</span> <span class='ocrx_word' id='word_1_40' title='bbox 1839 995 2003 1060; x_wconf 85' lang='lat' dir='ltr'>mihi</span> <span class='ocrx_word' id='word_1_41' title='bbox 2049 1017 2153 1059; x_wconf 89' lang='lat' dir='ltr'>ue·</span> <span class='ocrx_word' id='word_1_42' title='bbox 2740 1012 2810 1061; x_wconf 80' lang='lat'>20</span> 
     </span>
     <span class='ocr_line' id='line_1_7' title="bbox 618 1099 2154 1187; baseline -0.001 -20"><span class='ocrx_word' id='word_1_43' title='bbox 618 1125 693 1167; x_wconf 91' lang='lat' dir='ltr'>ro</span> <span class='ocrx_word' id='word_1_44' title='bbox 739 1105 986 1187; x_wconf 83' lang='lat' dir='ltr'>postea,</span> <span class='ocrx_word' id='word_1_45' title='bbox 1032 1122 1071 1165; x_wconf 94' lang='lat' dir='ltr'>o</span> <span class='ocrx_word' id='word_1_46' title='bbox 1116 1101 1377 1166; x_wconf 86' lang='lat' dir='ltr'>mulier:</span> <span class='ocrx_word' id='word_1_47' title='bbox 1425 1099 1687 1185; x_wconf 78' lang='lat' dir='ltr'><strong>Septem</strong></span> <span class='ocrx_word' id='word_1_48' title='bbox 1734 1101 1958 1169; x_wconf 84' lang='lat' dir='ltr'>diebus</span> <span class='ocrx_word' id='word_1_49' title='bbox 2004 1105 2154 1166; x_wconf 89' lang='lat' dir='ltr'>tuae</span> 
     </span>
    </p>

    <p class='ocr_par' dir='ltr' id='par_1_6' title="bbox 619 1209 2180 1296">
     <span class='ocr_line' id='line_1_8' title="bbox 619 1209 2180 1296; baseline -0.001 -22"><span class='ocrx_word' id='word_1_50' title='bbox 619 1209 1186 1296; x_wconf 76' lang='lat' dir='ltr'>suspurgationis*</span> <span class='ocrx_word' id='word_1_51' title='bbox 1231 1210 1336 1275; x_wconf 90' lang='lat' dir='ltr'>uel</span> <span class='ocrx_word' id='word_1_52' title='bbox 1382 1209 1689 1275; x_wconf 79' lang='lat' dir='ltr'>sessionis</span> <span class='ocrx_word' id='word_1_53' title='bbox 1736 1212 1884 1275; x_wconf 89' lang='lat' dir='ltr'>tuae</span> <span class='ocrx_word' id='word_1_54' title='bbox 1930 1210 2180 1274; x_wconf 90' lang='lat' dir='ltr'>inmun-</span> 
     </span>
    </p>

    <p class='ocr_par' dir='ltr' id='par_1_7' title="bbox 623 1316 2030 1403">
     <span class='ocr_line' id='line_1_9' title="bbox 623 1316 2030 1403; baseline 0 -22"><span class='ocrx_word' id='word_1_55' title='bbox 623 1316 703 1381; x_wconf 89' lang='lat' dir='ltr'>da</span> <span class='ocrx_word' id='word_1_56' title='bbox 746 1316 873 1381; x_wconf 88' lang='lat' dir='ltr'>tibi</span> <span class='ocrx_word' id='word_1_57' title='bbox 919 1316 1045 1381; x_wconf 89' lang='lat' dir='ltr'>eris</span> <span class='ocrx_word' id='word_1_58' title='bbox 1091 1316 1438 1381; x_wconf 87' lang='lat' dir='ltr'>secundum</span> <span class='ocrx_word' id='word_1_59' title='bbox 1488 1316 2030 1403; x_wconf 84' lang='lat' dir='ltr'>secundationem,</span> 
     </span>
    </p>

    <p class='ocr_par' dir='ltr' id='par_1_8' title="bbox 621 1421 2322 1511">
     <span class='ocr_line' id='line_1_10' title="bbox 621 1421 2322 1511; baseline -0.001 -22"><span class='ocrx_word' id='word_1_60' title='bbox 621 1427 687 1489; x_wconf 91' lang='lat' dir='ltr'>et</span> <span class='ocrx_word' id='word_1_61' title='bbox 732 1423 1042 1489; x_wconf 88' lang='lat' dir='ltr'>inueniris</span> <span class='ocrx_word' id='word_1_62' title='bbox 1087 1428 1239 1508; x_wconf 90' lang='lat' dir='ltr'>post</span> <span class='ocrx_word' id='word_1_63' title='bbox 1282 1428 1529 1509; x_wconf 83' lang='lat' dir='ltr'>septem</span> <span class='ocrx_word' id='word_1_64' title='bbox 1575 1424 1711 1489; x_wconf 87' lang='lat' dir='ltr'>dies</span> <span class='ocrx_word' id='word_1_65' title='bbox 1757 1428 2086 1508; x_wconf 76' lang='lat' dir='ltr'><strong>tamquam</strong></span> <span class='ocrx_word' id='word_1_66' title='bbox 2132 1421 2322 1511; x_wconf 89' lang='lat' dir='ltr'>no(n)</span> 
     </span>
    </p>

    <p class='ocr_par' dir='ltr' id='par_1_9' title="bbox 620 1531 2811 1724">
     <span class='ocr_line' id='line_1_11' title="bbox 620 1531 2811 1617; baseline 0 -22"><span class='ocrx_word' id='word_1_67' title='bbox 620 1531 949 1615; x_wconf 86' lang='lat' dir='ltr'>baptizata</span> <span class='ocrx_word' id='word_1_68' title='bbox 994 1534 1060 1596; x_wconf 88' lang='lat' dir='ltr'>et</span> <span class='ocrx_word' id='word_1_69' title='bbox 1103 1531 1403 1617; x_wconf 85' lang='lat' dir='ltr'>purgaris</span> <span class='ocrx_word' id='word_1_70' title='bbox 1449 1535 1561 1597; x_wconf 89' lang='lat' dir='ltr'>aut</span> <span class='ocrx_word' id='word_1_71' title='bbox 1605 1532 1973 1617; x_wconf 86' lang='lat' dir='ltr'>baptizaris,</span> <span class='ocrx_word' id='word_1_72' title='bbox 2018 1535 2093 1596; x_wconf 86' lang='lat' dir='ltr'>ut</span> <span class='ocrx_word' id='word_1_73' title='bbox 2743 1547 2811 1595; x_wconf 82' lang='lat'>25</span> 
     </span>
     <span class='ocr_line' id='line_1_12' title="bbox 623 1638 2178 1724; baseline 0 -22"><span class='ocrx_word' id='word_1_74' title='bbox 623 1638 903 1703; x_wconf 88' lang='lat' dir='ltr'>uidearis</span> <span class='ocrx_word' id='word_1_75' title='bbox 951 1638 1134 1722; x_wconf 86' lang='lat' dir='ltr'>quasi</span> <span class='ocrx_word' id='word_1_76' title='bbox 1178 1638 1503 1724; x_wconf 85' lang='lat' dir='ltr'>mundata,</span> <span class='ocrx_word' id='word_1_77' title='bbox 1550 1642 1631 1724; x_wconf 80' lang='lat' dir='ltr'>et,</span> <span class='ocrx_word' id='word_1_78' title='bbox 1679 1638 1853 1723; x_wconf 88' lang='lat' dir='ltr'>quod</span> <span class='ocrx_word' id='word_1_79' title='bbox 1898 1642 1997 1704; x_wconf 89' lang='lat' dir='ltr'>est</span> <span class='ocrx_word' id='word_1_80' title='bbox 2041 1660 2178 1722; x_wconf 91' lang='lat' dir='ltr'>per-</span> 
     </span>
    </p>

    <p class='ocr_par' dir='ltr' id='par_1_10' title="bbox 620 1744 2086 1833">
     <span class='ocr_line' id='line_1_13' title="bbox 620 1744 2086 1833; baseline 0 -24"><span class='ocrx_word' id='word_1_81' title='bbox 620 1745 879 1829; x_wconf 82' lang='lat' dir='ltr'>fectum,</span> <span class='ocrx_word' id='word_1_82' title='bbox 922 1745 1377 1831; x_wconf 77' lang='lat' dir='ltr'>purgationem</span> <span class='ocrx_word' id='word_1_83' title='bbox 1422 1749 1833 1829; x_wconf 89' lang='lat' dir='ltr'>peccatorum</span> <span class='ocrx_word' id='word_1_84' title='bbox 1880 1744 2086 1833; x_wconf 90' lang='lat' dir='ltr'>cu(m)</span> 
     </span>
    </p>

    <p class='ocr_par' dir='ltr' id='par_1_11' title="bbox 622 1848 2139 1938">
     <span class='ocr_line' id='line_1_14' title="bbox 622 1848 2139 1938; baseline 0.001 -23"><span class='ocrx_word' id='word_1_85' title='bbox 622 1872 755 1916; x_wconf 93' lang='lat' dir='ltr'>non</span> <span class='ocrx_word' id='word_1_86' title='bbox 799 1848 1142 1938; x_wconf 86' lang='lat' dir='ltr'>inueneris,</span> <span class='ocrx_word' id='word_1_87' title='bbox 1187 1852 1532 1917; x_wconf 76' lang='lat' dir='ltr'>aeternae*</span> <span class='ocrx_word' id='word_1_88' title='bbox 1576 1852 1717 1938; x_wconf 84' lang='lat' dir='ltr'>igni</span> <span class='ocrx_word' id='word_1_89' title='bbox 1763 1852 1936 1917; x_wconf 86' lang='lat' dir='ltr'>daris</span> <span class='ocrx_word' id='word_1_90' title='bbox 1980 1856 2139 1917; x_wconf 89' lang='lat' dir='ltr'>tam-</span> 
     </span>
    </p>

    <p class='ocr_par' dir='ltr' id='par_1_12' title="bbox 622 1957 2157 2044">
     <span class='ocr_line' id='line_1_15' title="bbox 622 1957 2157 2044; baseline 0.001 -22"><span class='ocrx_word' id='word_1_91' title='bbox 622 1981 816 2043; x_wconf 82' lang='lat' dir='ltr'>quam</span> <span class='ocrx_word' id='word_1_92' title='bbox 860 1980 994 2023; x_wconf 91' lang='lat' dir='ltr'>non</span> <span class='ocrx_word' id='word_1_93' title='bbox 1038 1959 1381 2044; x_wconf 84' lang='lat' dir='ltr'>baptizata.</span> <span class='ocrx_word' id='word_1_94' title='bbox 1429 1957 1795 2025; x_wconf 79' lang='lat' dir='ltr'>Secundum</span> <span class='ocrx_word' id='word_1_95' title='bbox 1840 1960 2013 2024; x_wconf 84' lang='lat' dir='ltr'>enim</span> <span class='ocrx_word' id='word_1_96' title='bbox 2059 1963 2157 2024; x_wconf 86' lang='lat' dir='ltr'>tu-</span> 
     </span>
    </p>

    <p class='ocr_par' dir='ltr' id='par_1_13' title="bbox 621 2065 2813 2258">
     <span class='ocr_line' id='line_1_16' title="bbox 621 2065 2813 2151; baseline 0.001 -21"><span class='ocrx_word' id='word_1_97' title='bbox 621 2087 726 2130; x_wconf 90' lang='lat' dir='ltr'>am</span> <span class='ocrx_word' id='word_1_98' title='bbox 775 2065 1208 2149; x_wconf 81' lang='lat' dir='ltr'>suspicionem</span> <span class='ocrx_word' id='word_1_99' title='bbox 1254 2067 1565 2131; x_wconf 87' lang='lat' dir='ltr'>inmunda</span> <span class='ocrx_word' id='word_1_100' title='bbox 1608 2088 1946 2151; x_wconf 86' lang='lat' dir='ltr'>permanes</span> <span class='ocrx_word' id='word_1_101' title='bbox 1992 2070 2058 2132; x_wconf 92' lang='lat' dir='ltr'>et</span> <span class='ocrx_word' id='word_1_102' title='bbox 2744 2083 2813 2132; x_wconf 88' lang='lat'>30</span> 
     </span>
     <span class='ocr_line' id='line_1_17' title="bbox 621 2173 2067 2258; baseline 0.001 -22"><span class='ocrx_word' id='word_1_103' title='bbox 621 2173 788 2237; x_wconf 89' lang='lat' dir='ltr'>nihil</span> <span class='ocrx_word' id='word_1_104' title='bbox 832 2173 955 2237; x_wconf 88' lang='lat' dir='ltr'>tibi</span> <span class='ocrx_word' id='word_1_105' title='bbox 1001 2173 1264 2257; x_wconf 87' lang='lat' dir='ltr'>prodest</span> <span class='ocrx_word' id='word_1_106' title='bbox 1309 2176 1556 2258; x_wconf 89' lang='lat' dir='ltr'>septem</span> <span class='ocrx_word' id='word_1_107' title='bbox 1603 2173 1854 2238; x_wconf 79' lang='lat' dir='ltr'>dierum</span> <span class='ocrx_word' id='word_1_108' title='bbox 1899 2195 2067 2238; x_wconf 90' lang='lat' dir='ltr'>uana</span> 
     </span>
    </p>

    <p class='ocr_par' dir='ltr' id='par_1_14' title="bbox 622 2279 2171 2366">
     <span class='ocr_line' id='line_1_18' title="bbox 622 2279 2171 2366; baseline -0.001 -21"><span class='ocrx_word' id='word_1_109' title='bbox 622 2279 1033 2365; x_wconf 81' lang='lat' dir='ltr'>abstinentia,</span> <span class='ocrx_word' id='word_1_110' title='bbox 1080 2279 1193 2345; x_wconf 88' lang='lat' dir='ltr'>sed</span> <span class='ocrx_word' id='word_1_111' title='bbox 1238 2279 1561 2344; x_wconf 85' lang='lat' dir='ltr'>contrario</span> <span class='ocrx_word' id='word_1_112' title='bbox 1610 2283 1675 2343; x_wconf 90' lang='lat' dir='ltr'>et</span> <span class='ocrx_word' id='word_1_113' title='bbox 1719 2279 1971 2366; x_wconf 88' lang='lat' dir='ltr'>nociua‚</span> <span class='ocrx_word' id='word_1_114' title='bbox 2017 2280 2171 2364; x_wconf 87' lang='lat' dir='ltr'>quia</span> 
     </span>
    </p>

    <p class='ocr_par' dir='ltr' id='par_1_15' title="bbox 620 2387 2093 2473">
     <span class='ocr_line' id='line_1_19' title="bbox 620 2387 2093 2473; baseline -0.001 -21"><span class='ocrx_word' id='word_1_115' title='bbox 620 2410 735 2472; x_wconf 90' lang='lat' dir='ltr'>per</span> <span class='ocrx_word' id='word_1_116' title='bbox 781 2408 897 2451; x_wconf 92' lang='lat' dir='ltr'>con</span> <span class='ocrx_word' id='word_1_117' title='bbox 905 2387 1242 2452; x_wconf 89' lang='lat' dir='ltr'>scientiam</span> <span class='ocrx_word' id='word_1_118' title='bbox 1286 2387 1626 2473; x_wconf 87' lang='lat' dir='ltr'>inquinata</span> <span class='ocrx_word' id='word_1_119' title='bbox 1672 2409 1741 2453; x_wconf 89' lang='lat' dir='ltr'>es</span> <span class='ocrx_word' id='word_1_120' title='bbox 1789 2390 1853 2451; x_wconf 88' lang='lat' dir='ltr'>et</span> <span class='ocrx_word' id='word_1_121' title='bbox 1900 2387 2093 2452; x_wconf 91' lang='lat' dir='ltr'>sicuti</span> 
     </span>
    </p>
   </div>
   <div class='ocr_carea' id='block_1_3' title="bbox 620 2493 2869 2792">
    <p class='ocr_par' dir='ltr' id='par_1_16' title="bbox 620 2493 2869 2792">
     <span class='ocr_line' id='line_1_20' title="bbox 621 2493 2067 2581; baseline -0.002 -20"><span class='ocrx_word' id='word_1_122' title='bbox 621 2495 1038 2579; x_wconf 87' lang='lat' dir='ltr'>coinquinata</span> <span class='ocrx_word' id='word_1_123' title='bbox 1082 2494 1545 2560; x_wconf 88' lang='lat' dir='ltr'>condemnaris.</span> <span class='ocrx_word' id='word_1_124' title='bbox 1725 2493 1905 2560; x_wconf 88' lang='lat' dir='ltr'>Haec</span> <span class='ocrx_word' id='word_1_125' title='bbox 1948 2494 2067 2581; x_wconf 82' lang='lat' dir='ltr'>igi-</span> 
     </span>
     <span class='ocr_line' id='line_1_21' title="bbox 620 2601 2813 2689; baseline -0.001 -22"><span class='ocrx_word' id='word_1_126' title='bbox 620 2606 730 2667; x_wconf 89' lang='lat' dir='ltr'>tur</span> <span class='ocrx_word' id='word_1_127' title='bbox 776 2624 969 2687; x_wconf 90' lang='lat' dir='ltr'>super</span> <span class='ocrx_word' id='word_1_128' title='bbox 1013 2624 1235 2668; x_wconf 88' lang='lat' dir='ltr'>omnes</span> <span class='ocrx_word' id='word_1_129' title='bbox 1282 2602 1582 2689; x_wconf 84' lang='lat' dir='ltr'>cogitate,</span> <span class='ocrx_word' id='word_1_130' title='bbox 1629 2601 1743 2686; x_wconf 86' lang='lat' dir='ltr'>qui</span> <span class='ocrx_word' id='word_1_131' title='bbox 1789 2601 2107 2666; x_wconf 89' lang='lat' dir='ltr'>seminum</span> <span class='ocrx_word' id='word_1_132' title='bbox 2745 2617 2813 2665; x_wconf 84' lang='lat'>35</span> 
     </span>
     <span class='ocr_line' id='line_1_22' title="bbox 623 2706 2869 2792; baseline -0 -18"><span class='ocrx_word' id='word_1_133' title='bbox 623 2731 846 2775; x_wconf 88' lang='lat' dir='ltr'>cursus</span> <span class='ocrx_word' id='word_1_134' title='bbox 892 2712 957 2773; x_wconf 89' lang='lat' dir='ltr'>et</span> <span class='ocrx_word' id='word_1_135' title='bbox 1000 2707 1588 2792; x_wconf 83' lang='lat' dir='ltr'>adproximationes</span> <span class='ocrx_word' id='word_1_136' title='bbox 1632 2707 1978 2773; x_wconf 84' lang='lat' dir='ltr'>mulierum</span> <span class='ocrx_word' id='word_1_137' title='bbox 2736 2706 2869 2774; x_wconf 79' lang='lat' dir='ltr'>LX</span> 
     </span>
    </p>
   </div>
   <div class='ocr_carea' id='block_1_4' title="bbox 622 2815 2813 3434">
    <p class='ocr_par' dir='ltr' id='par_1_17' title="bbox 625 2815 2153 2901">
     <span class='ocr_line' id='line_1_23' title="bbox 625 2815 2153 2901; baseline -0.001 -21"><span class='ocrx_word' id='word_1_138' title='bbox 625 2816 1000 2901; x_wconf 82' lang='lat' dir='ltr'>obseruant3</span> <span class='ocrx_word' id='word_1_139' title='bbox 1043 2836 1194 2879; x_wconf 90' lang='lat' dir='ltr'>nam</span> <span class='ocrx_word' id='word_1_140' title='bbox 1240 2836 1403 2898; x_wconf 89' lang='lat' dir='ltr'>quae</span> <span class='ocrx_word' id='word_1_141' title='bbox 1449 2815 1611 2879; x_wconf 87' lang='lat' dir='ltr'>tales</span> <span class='ocrx_word' id='word_1_142' title='bbox 1658 2818 1811 2879; x_wconf 88' lang='lat' dir='ltr'>sunt</span> <span class='ocrx_word' id='word_1_143' title='bbox 1858 2815 2153 2882; x_wconf 88' lang='lat' dir='ltr'>obserua-</span> 
     </span>
    </p>

    <p class='ocr_par' dir='ltr' id='par_1_18' title="bbox 622 2920 2587 2988">
     <span class='ocr_line' id='line_1_24' title="bbox 622 2920 2587 2988; baseline 0 -1"><span class='ocrx_word' id='word_1_144' title='bbox 622 2923 832 2987; x_wconf 89' lang='lat' dir='ltr'>tiones</span> <span class='ocrx_word' id='word_1_145' title='bbox 880 2943 1101 2986; x_wconf 90' lang='lat' dir='ltr'>omnes</span> <span class='ocrx_word' id='word_1_146' title='bbox 1145 2920 1382 2987; x_wconf 84' lang='lat' dir='ltr'>stultae</span> <span class='ocrx_word' id='word_1_147' title='bbox 1429 2925 1495 2985; x_wconf 89' lang='lat' dir='ltr'>et</span> <span class='ocrx_word' id='word_1_148' title='bbox 1538 2922 1807 2986; x_wconf 89' lang='lat' dir='ltr'>nociuae</span> <span class='ocrx_word' id='word_1_149' title='bbox 1854 2925 2021 2987; x_wconf 90' lang='lat' dir='ltr'>sunt.</span> <span class='ocrx_word' id='word_1_150' title='bbox 2115 2922 2185 2988; x_wconf 82' lang='lat' dir='ltr'>Si</span> <span class='ocrx_word' id='word_1_151' title='bbox 2234 2922 2405 2988; x_wconf 90' lang='lat' dir='ltr'>enim</span> <span class='ocrx_word' id='word_1_152' title='bbox 2451 2944 2587 2988; x_wconf 90' lang='lat' dir='ltr'>cur-</span> 
     </span>
    </p>

    <p class='ocr_par' dir='ltr' id='par_1_19' title="bbox 625 3027 2157 3115">
     <span class='ocr_line' id='line_1_25' title="bbox 625 3027 2157 3115; baseline 0.001 -21"><span class='ocrx_word' id='word_1_153' title='bbox 625 3051 767 3094; x_wconf 90' lang='lat' dir='ltr'>sum</span> <span class='ocrx_word' id='word_1_154' title='bbox 814 3027 1077 3094; x_wconf 88' lang='lat' dir='ltr'>seminis</span> <span class='ocrx_word' id='word_1_155' title='bbox 1123 3028 1269 3113; x_wconf 88' lang='lat' dir='ltr'>quis</span> <span class='ocrx_word' id='word_1_156' title='bbox 1313 3050 1544 3113; x_wconf 89' lang='lat' dir='ltr'>passus</span> <span class='ocrx_word' id='word_1_157' title='bbox 1590 3033 1657 3094; x_wconf 88' lang='lat' dir='ltr'>et</span> <span class='ocrx_word' id='word_1_158' title='bbox 1702 3029 2157 3115; x_wconf 84' lang='lat' dir='ltr'>adproximans</span> 
     </span>
    </p>

    <p class='ocr_par' dir='ltr' id='par_1_20' title="bbox 624 3135 2813 3328">
     <span class='ocr_line' id='line_1_26' title="bbox 624 3135 2813 3222; baseline 0 -21"><span class='ocrx_word' id='word_1_159' title='bbox 624 3135 882 3201; x_wconf 89' lang='lat' dir='ltr'>mulieri</span> <span class='ocrx_word' id='word_1_160' title='bbox 926 3135 1291 3219; x_wconf 86' lang='lat' dir='ltr'>baptizetur</span> <span class='ocrx_word' id='word_1_161' title='bbox 1336 3138 1402 3200; x_wconf 91' lang='lat' dir='ltr'>et</span> <span class='ocrx_word' id='word_1_162' title='bbox 1448 3139 1727 3201; x_wconf 90' lang='lat' dir='ltr'>stratum</span> <span class='ocrx_word' id='word_1_163' title='bbox 1773 3158 1963 3201; x_wconf 91' lang='lat' dir='ltr'>suum</span> <span class='ocrx_word' id='word_1_164' title='bbox 2006 3135 2200 3222; x_wconf 80' lang='lat' dir='ltr'>lauet,</span> <span class='ocrx_word' id='word_1_165' title='bbox 2781 3154 2813 3202; x_wconf 84' lang='lat'><strong>5</strong></span> 
     </span>
     <span class='ocr_line' id='line_1_27' title="bbox 625 3241 2130 3328; baseline -0.001 -20"><span class='ocrx_word' id='word_1_166' title='bbox 625 3247 690 3308; x_wconf 90' lang='lat' dir='ltr'>et</span> <span class='ocrx_word' id='word_1_167' title='bbox 736 3244 861 3307; x_wconf 88' lang='lat' dir='ltr'>erit</span> <span class='ocrx_word' id='word_1_168' title='bbox 904 3242 1004 3307; x_wconf 92' lang='lat' dir='ltr'>illi</span> <span class='ocrx_word' id='word_1_169' title='bbox 1049 3242 1176 3307; x_wconf 92' lang='lat' dir='ltr'>hoc</span> <span class='ocrx_word' id='word_1_170' title='bbox 1219 3241 1537 3328; x_wconf 82' lang='lat' dir='ltr'>fatigatio,</span> <span class='ocrx_word' id='word_1_171' title='bbox 1582 3265 1936 3328; x_wconf 87' lang='lat' dir='ltr'>numquam</span> <span class='ocrx_word' id='word_1_172' title='bbox 1982 3243 2130 3307; x_wconf 82' lang='lat' dir='ltr'>defi-</span> 
     </span>
    </p>

    <p class='ocr_par' dir='ltr' id='par_1_21' title="bbox 624 3349 2273 3434">
     <span class='ocr_line' id='line_1_28' title="bbox 624 3349 2273 3434; baseline -0.001 -19"><span class='ocrx_word' id='word_1_173' title='bbox 624 3351 798 3415; x_wconf 90' lang='lat' dir='ltr'>ciens</span> <span class='ocrx_word' id='word_1_174' title='bbox 844 3371 883 3413; x_wconf 90' lang='lat' dir='ltr'>a</span> <span class='ocrx_word' id='word_1_175' title='bbox 926 3349 1250 3434; x_wconf 89' lang='lat' dir='ltr'>baptismo</span> <span class='ocrx_word' id='word_1_176' title='bbox 1297 3352 1362 3413; x_wconf 88' lang='lat' dir='ltr'>et</span> <span class='ocrx_word' id='word_1_177' title='bbox 1407 3372 1446 3414; x_wconf 90' lang='lat' dir='ltr'>a</span> <span class='ocrx_word' id='word_1_178' title='bbox 1489 3350 1817 3415; x_wconf 88' lang='lat' dir='ltr'>lauatione</span> <span class='ocrx_word' id='word_1_179' title='bbox 1863 3371 2078 3416; x_wconf 89' lang='lat' dir='ltr'>rerum</span> <span class='ocrx_word' id='word_1_180' title='bbox 2124 3353 2188 3414; x_wconf 89' lang='lat' dir='ltr'>et</span> <span class='ocrx_word' id='word_1_181' title='bbox 2235 3371 2273 3413; x_wconf 89' lang='lat' dir='ltr'>a</span> 
     </span>
    </p>
   </div>
   <div class='ocr_carea' id='block_1_5' title="bbox 449 3486 877 3496">
    <p class='ocr_par' dir='ltr' id='par_1_22' title="bbox 449 3486 877 3496">
     <span class='ocr_line' id='line_1_29' title="bbox 449 3486 877 3496; baseline 0 1671"><span class='ocrx_word' id='word_1_182' title='bbox 449 3486 877 3496; x_wconf 95' lang='lat' dir='ltr'> </span> 
     </span>
    </p>
   </div>
   <div class='ocr_carea' id='block_1_6' title="bbox 587 3559 1588 3633">
    <p class='ocr_par' dir='ltr' id='par_1_23' title="bbox 587 3559 1588 3633">
     <span class='ocr_line' id='line_1_30' title="bbox 587 3559 1588 3633; baseline -0.002 -16"><span class='ocrx_word' id='word_1_183' title='bbox 587 3561 696 3617; x_wconf 77' lang='lat' dir='ltr'>Lx</span> <span class='ocrx_word' id='word_1_184' title='bbox 731 3561 871 3633; x_wconf 71' lang='lat' dir='ltr'>(rol.</span> <span class='ocrx_word' id='word_1_185' title='bbox 916 3564 1040 3630; x_wconf 67' lang='lat'>‘18123</span> <span class='ocrx_word' id='word_1_186' title='bbox 1079 3560 1243 3626; x_wconf 71' lang='lat' dir='ltr'>Quat.</span> <span class='ocrx_word' id='word_1_187' title='bbox 1283 3559 1375 3631; x_wconf 84' lang='lat' dir='ltr'>xl,</span> <span class='ocrx_word' id='word_1_188' title='bbox 1412 3579 1467 3631; x_wconf 82' lang='lat' dir='ltr'>p.</span> <span class='ocrx_word' id='word_1_189' title='bbox 1501 3563 1588 3632; x_wconf 81' lang='grc' dir='ltr'>ιο)</span> 
     </span>
    </p>
   </div>
   <div class='ocr_carea' id='block_1_7' title="bbox 446 3674 874 3683">
    <p class='ocr_par' dir='ltr' id='par_1_24' title="bbox 446 3674 874 3683">
     <span class='ocr_line' id='line_1_31' title="bbox 446 3674 874 3683; baseline 0 0"><span class='ocrx_word' id='word_1_190' title='bbox 446 3674 874 3683; x_wconf 95' lang='lat' dir='ltr'> </span> 
     </span>
    </p>
   </div>
   <div class='ocr_carea' id='block_1_8' title="bbox 445 3739 2748 4688">
    <p class='ocr_par' dir='ltr' id='par_1_25' title="bbox 445 3739 2748 4170">
     <span class='ocr_line' id='line_1_32' title="bbox 592 3739 2747 3810; baseline -0 -16"><span class='ocrx_word' id='word_1_191' title='bbox 592 3745 658 3795; x_wconf 86' lang='grc'>16</span> <span class='ocrx_word' id='word_1_192' title='bbox 703 3741 865 3805; x_wconf 73' lang='lat' dir='ltr'>uobis</span> <span class='ocrx_word' id='word_1_193' title='bbox 914 3740 1172 3809; x_wconf 70' lang='lat' dir='ltr'>speratur</span> <span class='ocrx_word' id='word_1_194' title='bbox 1181 3739 1319 3809; x_wconf 72' lang='lat' dir='ltr'>(siue</span> <span class='ocrx_word' id='word_1_195' title='bbox 1354 3741 1402 3808; x_wconf 80' lang='lat' dir='ltr'>s)</span> <span class='ocrx_word' id='word_1_196' title='bbox 1589 3756 1656 3806; x_wconf 84' lang='lat' dir='ltr'>eo</span> <span class='ocrx_word' id='word_1_197' title='bbox 1852 3739 1996 3806; x_wconf 66' lang='lat' dir='ltr'>tales</span> <span class='ocrx_word' id='word_1_198' title='bbox 2189 3745 2255 3794; x_wconf 80' lang='lat'>17</span> <span class='ocrx_word' id='word_1_199' title='bbox 2303 3739 2598 3806; x_wconf 65' lang='lat' dir='ltr'>custoditis</span> <span class='ocrx_word' id='word_1_200' title='bbox 2645 3756 2747 3810; x_wconf 87' lang='lat' dir='ltr'>per</span> 
     </span>
     <span class='ocr_line' id='line_1_33' title="bbox 448 3827 2747 3899; baseline 0 -16"><span class='ocrx_word' id='word_1_201' title='bbox 448 3828 821 3898; x_wconf 67' lang='lat' dir='ltr'>suspicionem</span> <span class='ocrx_word' id='word_1_202' title='bbox 1003 3832 1069 3882; x_wconf 89' lang='lat'>18</span> <span class='ocrx_word' id='word_1_203' title='bbox 1117 3827 1275 3897; x_wconf 86' lang='lat' dir='ltr'>gatio</span> <span class='ocrx_word' id='word_1_204' title='bbox 1459 3832 1524 3881; x_wconf 88' lang='grc'>19</span> <span class='ocrx_word' id='word_1_205' title='bbox 1575 3827 1805 3895; x_wconf 79' lang='lat' dir='ltr'>reiectio</span> <span class='ocrx_word' id='word_1_206' title='bbox 1985 3832 2055 3881; x_wconf 81' lang='lat'>20</span> <span class='ocrx_word' id='word_1_207' title='bbox 2091 3844 2163 3893; x_wconf 81' lang='lat' dir='ltr'>ue</span> <span class='ocrx_word' id='word_1_208' title='bbox 2342 3834 2409 3882; x_wconf 83' lang='lat'>21</span> <span class='ocrx_word' id='word_1_209' title='bbox 2447 3845 2509 3895; x_wconf 80' lang='lat' dir='ltr'>ro</span> <span class='ocrx_word' id='word_1_210' title='bbox 2546 3831 2747 3899; x_wconf 74' lang='lat' dir='ltr'>postea</span> 
     </span>
     <span class='ocr_line' id='line_1_34' title="bbox 447 3916 2673 3988; baseline -0 -15"><span class='ocrx_word' id='word_1_211' title='bbox 447 3917 622 3987; x_wconf 66' lang='grc' dir='ltr'>(δραι.</span> <span class='ocrx_word' id='word_1_212' title='bbox 659 3918 832 3972; x_wconf 75' lang='lat' dir='ltr'>unius</span> <span class='ocrx_word' id='word_1_213' title='bbox 870 3917 993 3988; x_wconf 82' lang='lat' dir='ltr'>litt.)</span> <span class='ocrx_word' id='word_1_214' title='bbox 1032 3916 1077 3970; x_wconf 95' lang='grc' dir='ltr'><strong>Ο</strong></span> <span class='ocrx_word' id='word_1_215' title='bbox 1116 3916 1319 3983; x_wconf 71' lang='lat' dir='ltr'>mulier</span> <span class='ocrx_word' id='word_1_216' title='bbox 1355 3917 1571 3986; x_wconf 79' lang='lat' dir='ltr'>septem</span> <span class='ocrx_word' id='word_1_217' title='bbox 1608 3918 1806 3983; x_wconf 67' lang='lat' dir='ltr'>diebus</span> <span class='ocrx_word' id='word_1_218' title='bbox 1843 3920 1975 3984; x_wconf 71' lang='lat' dir='ltr'>tuac</span> <span class='ocrx_word' id='word_1_219' title='bbox 2119 3922 2188 3972; x_wconf 75' lang='lat'>22</span> <span class='ocrx_word' id='word_1_220' title='bbox 2226 3917 2673 3988; x_wconf 70' lang='lat' dir='ltr'>suspurgationis</span> 
     </span>
     <span class='ocr_line' id='line_1_35' title="bbox 448 4005 2747 4088; baseline -0 -27"><span class='ocrx_word' id='word_1_221' title='bbox 448 4012 516 4061; x_wconf 83' lang='lat'>25</span> <span class='ocrx_word' id='word_1_222' title='bbox 554 4006 845 4075; x_wconf 62' lang='lat' dir='ltr'>baptizata</span> <span class='ocrx_word' id='word_1_223' title='bbox 873 4007 932 4071; x_wconf 74' lang='lat' dir='ltr'>et</span> <span class='ocrx_word' id='word_1_224' title='bbox 956 4006 1217 4076; x_wconf 86' lang='lat' dir='ltr'>purgaris</span> <span class='ocrx_word' id='word_1_225' title='bbox 1333 4009 1400 4073; x_wconf 74' lang='lat' dir='ltr'>ut</span> <span class='ocrx_word' id='word_1_226' title='bbox 1507 4011 1575 4060; x_wconf 81' lang='lat'>26</span> <span class='ocrx_word' id='word_1_227' title='bbox 1612 4005 1860 4072; x_wconf 62' lang='lat' dir='ltr'>uideatis</span> <span class='ocrx_word' id='word_1_228' title='bbox 1968 4007 2121 4088; x_wconf 74' lang='lat' dir='ltr'>quod</span> <span class='ocrx_word' id='word_1_229' title='bbox 2157 4009 2245 4062; x_wconf 90' lang='lat' dir='ltr'>est</span> <span class='ocrx_word' id='word_1_230' title='bbox 2278 4022 2405 4077; x_wconf 75' lang='lat' dir='ltr'>per3</span> <span class='ocrx_word' id='word_1_231' title='bbox 2453 4008 2558 4062; x_wconf 67' lang='grc' dir='ltr'>πίω</span> <span class='ocrx_word' id='word_1_232' title='bbox 2594 4006 2747 4076; x_wconf 89' lang='lat' dir='ltr'>quod</span> 
     </span>
     <span class='ocr_line' id='line_1_36' title="bbox 445 4079 2748 4170; baseline 0 -20"><span class='ocrx_word' id='word_1_233' title='bbox 445 4094 584 4170; x_wconf 81' lang='lat' dir='ltr'>(si)</span> <span class='ocrx_word' id='word_1_234' title='bbox 622 4097 710 4150; x_wconf 88' lang='lat' dir='ltr'>est</span> <span class='ocrx_word' id='word_1_235' title='bbox 743 4114 798 4166; x_wconf 93' lang='lat' dir='ltr'>p.</span> <span class='ocrx_word' id='word_1_236' title='bbox 827 4079 1018 4162; x_wconf 49' lang='lat' dir='ltr'>sco-{154</span> <span class='ocrx_word' id='word_1_237' title='bbox 1053 4095 1272 4166; x_wconf 72' lang='lat' dir='ltr'>aliquid</span> <span class='ocrx_word' id='word_1_238' title='bbox 1306 4096 1481 4152; x_wconf 74' lang='lat' dir='ltr'>excid.</span> <span class='ocrx_word' id='word_1_239' title='bbox 1517 4097 1670 4164; x_wconf 79' lang='lat' dir='ltr'>uid.;</span> <span class='ocrx_word' id='word_1_240' title='bbox 1705 4095 1831 4168; x_wconf 77' lang='lat' dir='ltr'>Syr.</span> <span class='ocrx_word' id='word_1_241' title='bbox 1869 4097 2144 4168; x_wconf 78' lang='lat' dir='ltr'>discrepat</span> <span class='ocrx_word' id='word_1_242' title='bbox 2251 4103 2321 4152; x_wconf 83' lang='lat'>30</span> <span class='ocrx_word' id='word_1_243' title='bbox 2356 4112 2651 4166; x_wconf 87' lang='lat' dir='ltr'>permanes</span> <span class='ocrx_word' id='word_1_244' title='bbox 2689 4099 2748 4162; x_wconf 76' lang='lat' dir='ltr'>et</span> 
     </span>
    </p>

    <p class='ocr_par' dir='ltr' id='par_1_26' title="bbox 518 4170 2375 4254">
     <span class='ocr_line' id='line_1_37' title="bbox 518 4170 2375 4254; baseline 0.002 -16"><span class='ocrx_word' id='word_1_245' title='bbox 518 4189 584 4239; x_wconf 87' lang='grc'>31</span> <span class='ocrx_word' id='word_1_246' title='bbox 624 4183 844 4251; x_wconf 81' lang='lat' dir='ltr'>dierum</span> <span class='ocrx_word' id='word_1_247' title='bbox 879 4199 1032 4250; x_wconf 79' lang='lat' dir='ltr'>uana</span> <span class='ocrx_word' id='word_1_248' title='bbox 1140 4190 1209 4239; x_wconf 84' lang='grc'>35</span> <span class='ocrx_word' id='word_1_249' title='bbox 1247 4185 1559 4254; x_wconf 72' lang='lat' dir='ltr'>sem-imum</span> <span class='ocrx_word' id='word_1_250' title='bbox 2365 4170 2375 4181; x_wconf 55' lang='lat'><strong>⁹</strong></span> 
     </span>
    </p>

    <p class='ocr_par' dir='ltr' id='par_1_27' title="bbox 447 4272 2747 4608">
     <span class='ocr_line' id='line_1_38' title="bbox 590 4272 2747 4344; baseline 0.001 -16"><span class='ocrx_word' id='word_1_251' title='bbox 590 4273 699 4328; x_wconf 80' lang='lat' dir='ltr'>Lx</span> <span class='ocrx_word' id='word_1_252' title='bbox 747 4280 776 4328; x_wconf 94' lang='lat'>1</span> <span class='ocrx_word' id='word_1_253' title='bbox 827 4272 1340 4343; x_wconf 72' lang='lat' dir='ltr'>adproximationes</span> <span class='ocrx_word' id='word_1_254' title='bbox 1385 4274 1684 4342; x_wconf 66' lang='lat' dir='ltr'>mulierum</span> <span class='ocrx_word' id='word_1_255' title='bbox 1877 4282 1910 4330; x_wconf 81' lang='lat'><strong>2</strong></span> <span class='ocrx_word' id='word_1_256' title='bbox 1957 4292 2103 4344; x_wconf 79' lang='lat' dir='ltr'>quae</span> <span class='ocrx_word' id='word_1_257' title='bbox 2148 4276 2293 4343; x_wconf 79' lang='lat' dir='ltr'>tales</span> <span class='ocrx_word' id='word_1_258' title='bbox 2474 4281 2506 4328; x_wconf 84' lang='lat'><strong>3</strong></span> <span class='ocrx_word' id='word_1_259' title='bbox 2554 4291 2747 4342; x_wconf 80' lang='lat' dir='ltr'>omnes</span> 
     </span>
     <span class='ocr_line' id='line_1_39' title="bbox 447 4361 2604 4436; baseline 0 -19"><span class='ocrx_word' id='word_1_260' title='bbox 447 4365 509 4432; x_wconf 83' lang='lat' dir='ltr'>(s.</span> <span class='ocrx_word' id='word_1_261' title='bbox 551 4363 584 4416; x_wconf 85' lang='lat' dir='ltr'>l.</span> <span class='ocrx_word' id='word_1_262' title='bbox 624 4362 752 4418; x_wconf 80' lang='lat' dir='ltr'>add.</span> <span class='ocrx_word' id='word_1_263' title='bbox 791 4381 859 4418; x_wconf 87' lang='lat' dir='ltr'>m.</span> <span class='ocrx_word' id='word_1_264' title='bbox 898 4364 1059 4432; x_wconf 81' lang='lat' dir='ltr'>corr.)</span> <span class='ocrx_word' id='word_1_265' title='bbox 1105 4361 1311 4428; x_wconf 67' lang='lat' dir='ltr'>stultae</span> <span class='ocrx_word' id='word_1_266' title='bbox 1362 4366 1421 4430; x_wconf 78' lang='lat' dir='ltr'>et</span> <span class='ocrx_word' id='word_1_267' title='bbox 1456 4362 1692 4431; x_wconf 73' lang='lat' dir='ltr'>nociuae</span> <span class='ocrx_word' id='word_1_268' title='bbox 1728 4365 1860 4429; x_wconf 80' lang='lat' dir='ltr'>sunt</span> <span class='ocrx_word' id='word_1_269' title='bbox 2037 4371 2073 4418; x_wconf 87' lang='lat'>4</span> <span class='ocrx_word' id='word_1_270' title='bbox 2110 4367 2170 4430; x_wconf 79' lang='lat' dir='ltr'>et</span> <span class='ocrx_word' id='word_1_271' title='bbox 2205 4363 2604 4436; x_wconf 56' lang='lat' dir='ltr'>adpronimans</span> 
     </span>
     <span class='ocr_line' id='line_1_40' title="bbox 448 4450 2747 4525; baseline 0.002 -20"><span class='ocrx_word' id='word_1_272' title='bbox 448 4457 482 4505; x_wconf 87' lang='grc'>5</span> <span class='ocrx_word' id='word_1_273' title='bbox 519 4451 761 4517; x_wconf 82' lang='lat' dir='ltr'>stratum</span> <span class='ocrx_word' id='word_1_274' title='bbox 931 4458 963 4507; x_wconf 83' lang='lat'>6</span> <span class='ocrx_word' id='word_1_275' title='bbox 1001 4450 1268 4522; x_wconf 72' lang='lat' dir='ltr'>fatigatio</span> <span class='ocrx_word' id='word_1_276' title='bbox 1305 4468 1611 4522; x_wconf 80' lang='lat' dir='ltr'>numquam</span> <span class='ocrx_word' id='word_1_277' title='bbox 1649 4453 1765 4520; x_wconf 70' lang='lat' dir='ltr'>defi</span> <span class='ocrx_word' id='word_1_278' title='bbox 1939 4459 1968 4508; x_wconf 80' lang='lat'>7</span> <span class='ocrx_word' id='word_1_279' title='bbox 2006 4454 2289 4525; x_wconf 85' lang='lat' dir='ltr'>baptismo</span> <span class='ocrx_word' id='word_1_280' title='bbox 2459 4453 2747 4521; x_wconf 67' lang='lat' dir='ltr'>lauatione</span> 
     </span>
     <span class='ocr_line' id='line_1_41' title="bbox 447 4555 636 4608; baseline 0 -15"><span class='ocrx_word' id='word_1_281' title='bbox 447 4555 636 4608; x_wconf 80' lang='lat' dir='ltr'>rerum</span> 
     </span>
    </p>

    <p class='ocr_par' dir='ltr' id='par_1_28' title="bbox 2248 4633 2319 4688">
     <span class='ocr_line' id='line_1_42' title="bbox 2248 4633 2319 4688; baseline 0 -25"><span class='ocrx_word' id='word_1_282' title='bbox 2248 4633 2319 4688; x_wconf 61' lang='grc'>6*</span> 
     </span>
    </p>
   </div>
  </div>
 </body>
</html>
