3359 5167
1419 373 1850 432 PRAEFATIO.
2686 380 2788 434 VII

488 539 892 624 palimpsesti
937 538 1448 624 Reeoynitiomim
1498 538 2042 619 Clementinwrum‚
2088 564 2252 627 quae
2288 543 2357 608 in
2404 543 2619 608 codice
2664 543 2789 609 Bo-

486 646 695 711 biensi
754 646 1184 712 bibliothecae
1230 644 1697 711 Ambrosianae
1758 644 1858 734 (G.
1907 652 1994 712 77
2038 668 2200 732 sup„
2264 649 2512 714 membr.
2559 651 2631 714 in
2676 646 2785 738 4⁰)

486 753 643 818 item
688 753 900 818 tribus
946 753 1181 819 Isidori
1224 753 1700 819 Sententiarum
1742 753 1932 819 libris
1967 753 2114 820 VII.
2162 755 2267 819 uel
2303 754 2484 821 VIII.
2530 757 2783 821 saeculo

485 861 743 945 scriptis
788 860 1063 927 subsunt
1075 858 1145 948 l).
1234 859 1420 925 Hanc
1472 859 1859 945 scripturam
1918 860 1974 925 si
2029 861 2157 925 uiri
2204 860 2363 926 artis
2415 861 2787 950 palaeogra-

484 967 709 1052 phicae
755 967 1132 1053 peritissimi
1176 971 1346 1032 recte
1391 965 1641 1032 ineunti
1689 971 1872 1032 sexto
1919 966 2169 1033 saeculo
2215 967 2610 1056 tribuerunt,
2654 970 2784 1035 iam

483 1074 763 1141 codicem
808 1074 1209 1140 Didascaliae
1255 1078 1320 1139 et
1367 1074 1699 1140 Canonum
1740 1072 2177 1140 Ueronensem
2223 1074 2507 1141 eiusdem
2551 1077 2784 1143 aetatis

484 1203 623 1247 esse
679 1181 970 1247 efficitur.
1060 1180 1230 1247 Illud
1284 1185 1498 1247 autem
1552 1181 1866 1247 fastorum
1920 1181 2148 1246 folium
2195 1186 2274 1247 ex
2318 1182 2514 1267 paulo
2570 1188 2781 1249 uestu-

483 1288 678 1354 stiore
733 1289 952 1374 aliquo
1007 1289 1220 1354 codice
1265 1293 1504 1353 restare
1550 1288 1805 1372 coicias‚
1864 1288 1934 1353 in
1996 1310 2123 1372 quo
2183 1288 2340 1354 folio
2386 1288 2782 1355 Didascaliae

481 1396 818 1481 inscriptio
864 1396 1018 1462 olim
1055 1397 1326 1462 fortasse
1361 1394 1649 1461 miniatis
1683 1394 1918 1460 litteris
1955 1394 2210 1481 depicta
2254 1418 2412 1461 saec.
2439 1396 2574 1462 fere
2600 1396 2780 1463 VIII.

479 1508 592 1568 aut
645 1503 872 1569 abluta
925 1508 1037 1569 aut
1091 1505 1323 1569 abrasa
1376 1501 1566 1568 hodie
1619 1502 1813 1588 plane
1868 1502 2148 1568 euanuit.
2240 1502 2380 1582 Qua
2426 1503 2780 1589 scripturae

478 1614 685 1676 aetate
729 1612 1006 1696 probata
1059 1615 1278 1676 tamen
1334 1609 1932 1696 interpretationem
1985 1609 2197 1695 ipsam
2250 1609 2584 1696 aliquanto
2631 1616 2779 1677 ante

478 1722 732 1782 sextum
779 1718 1101 1783 saeculum
1145 1718 1382 1783 factam
1428 1740 1564 1783 esse
1610 1737 1991 1803 persuasum
2034 1716 2262 1783 habeo.
2351 1716 2653 1802 Namque
2698 1742 2778 1784 ex

475 1823 748 1912 integris
792 1824 1089 1890 uersibus
1136 1824 1456 1910 suppletis
1501 1828 1566 1889 et
1602 1822 1748 1889 aliis
1783 1823 2161 1890 correcturis
2197 1824 2477 1891 codicem
2512 1826 2779 1912 rescrip-

474 1935 616 1995 tum
657 1930 786 1996 iam
833 1954 912 1997 ex
958 1931 1159 1998 altero
1203 1932 1437 1998 Latino
1483 1931 1838 2016 exemplari
1881 1931 2341 2018 transcriptum
2378 1937 2443 1997 et
2489 1934 2776 1999 emenda-

476 2040 617 2102 tum
654 2060 791 2102 esse
827 2037 1152 2104 concludo.
1225 2037 1390 2103 Mihi
1427 2059 1573 2103 cum
1612 2039 1736 2104 hoc
1773 2038 2110 2125 spectanti,
2155 2043 2296 2104 tum
2334 2063 2381 2105 s.
2422 2040 2776 2126 scripturae

473 2142 762 2209 locorum
813 2147 1112 2209 naturam
1170 2149 1236 2209 et
1294 2144 1496 2210 totius
1556 2145 1870 2211 sermonis
1931 2145 2387 2233 proprietates,
2454 2147 2569 2232 qui
2630 2170 2775 2214 cum

472 2249 826 2328 Latinitate
885 2250 1492 2337 interpretationum
1552 2251 1790 2317 ueteris
1848 2255 1913 2317 et
1975 2251 2128 2317 novi
2190 2254 2561 2320 testamenti
2625 2259 2774 2320 ante

470 2357 942 2442 Hieronymum
997 2359 1429 2425 confectarum
1479 2357 1827 2424 maximam
1882 2363 2133 2445 partem
2187 2360 2488 2447 congruit
2498 2357 2580 2449 ²),
2634 2385 2773 2446 per-

471 2463 779 2549 pendenti
833 2469 981 2531 ante
1035 2464 1114 2531 V.
1162 2465 1398 2531 saeculi
1452 2465 1741 2553 initium,
1795 2467 2066 2532 fortasse
2109 2465 2442 2533 Ambrosii
2496 2472 2706 2534 aetate
2719 2467 2773 2556 3)

615 2643 669 2712 1)
724 2641 805 2697 cf.
854 2641 918 2696 A.
958 2640 1226 2711 Peyronis
1277 2641 1587 2698 editionem
1634 2642 1720 2696 M.
1774 2643 1927 2696 Tulli
1979 2641 2255 2699 Ciceronis
2304 2643 2618 2698 oratiowwm
2663 2661 2773 2714 pro

470 2731 683 2787 Seawro
714 2776 724 2786 .
759 2776 768 2786 .
797 2733 995 2804 fraym.
1016 2732 1206 2787 incdit.
1227 2730 1457 2801 (Stuttg.
1480 2733 1539 2786 et
1565 2732 1707 2787 Tub.
1733 2733 1909 2802 1824),
1936 2749 1991 2801 p.
2012 2734 2114 2785 195
2125 2748 2235 2799 ssq.
2260 2733 2318 2786 et
2343 2731 2771 2789 Reifferscheidi

470 2820 622 2877 Bibl.
653 2828 802 2891 patr.
841 2821 972 2876 Lat.
1008 2822 1082 2876 It.
1111 2820 1163 2874 H
1201 2826 1257 2890 1,
1303 2823 1450 2891 part.
1489 2823 1619 2876 tert.
1657 2839 1713 2891 p.
1746 2825 1812 2874 70
1833 2837 1953 2888 sqq.
1992 2852 2063 2861 —
2101 2821 2155 2890 2)
2192 2819 2273 2875 cf.
2309 2837 2456 2889 quae
2495 2821 2566 2877 de
2603 2837 2672 2877 03
2706 2840 2768 2877 10

469 2909 531 2964 111
566 2909 670 2965 1113
705 2909 1091 2981 disputatione
1137 2909 1419 2980 explicaui
1465 2912 1525 2965 et
1568 2909 1630 2964 in
1675 2908 1987 2980 posteriore
2032 2908 2301 2965 editionis
2344 2912 2509 2981 parte
2547 2911 2618 2965 de
2655 2928 2768 2967 ser·

468 3015 633 3054 mone
671 3015 963 3069 exponam.
1020 2998 1128 3052 Hic
1164 2997 1368 3054 leuiter
1403 3002 1578 3070 tango
1608 2999 1763 3070 apud
1788 2998 2156 3070 interpretem
2192 3017 2307 3055 non
2340 3000 2523 3055 solum
2557 3001 2767 3057 multas

468 3085 678 3143 formas
714 3087 1108 3143 memorabiles
1146 3087 1408 3158 inueniri,
1446 3092 1511 3144 ut
1546 3088 1640 3159 VI,
1682 3096 1745 3143 11
1786 3090 2095 3156 melem‘cis,
2130 3088 2246 3157 LV,
2286 3095 2351 3144 12
2389 3091 2550 3146 cinus
2595 3090 2769 3161 (quod

469 3176 580 3244 XL,
611 3183 643 3230 2
681 3176 980 3231 retinuisse
1012 3177 1245 3248 malim),
1283 3178 1395 3247 LX,
1433 3184 1503 3232 24
1523 3195 1603 3246 sq.
1641 3180 1918 3246 funiculu,
1952 3178 2066 3247 LII,
2096 3183 2165 3231 26
2198 3179 2381 3250 iuyus,
2416 3178 2768 3249 XXXXVIII,

469 3271 535 3319 10
573 3266 812 3335 qmbus,
857 3265 959 3319 sed
1004 3264 1178 3320 etiam
1225 3268 1327 3320 aut
1370 3266 1653 3321 uocabula
1699 3267 1943 3337 primum
1977 3269 2275 3337 usurpata,
2324 3267 2483 3322 uelut
2518 3268 2659 3337 LVI,
2696 3276 2765 3325 26

464 3355 898 3424 adproximatio,
943 3354 1046 3424 XI,
1086 3361 1117 3409 9
1156 3358 1557 3426 compopuloeri,
1608 3356 1891 3427 XXXXII,
1931 3362 1999 3410 23
2035 3357 2346 3424 eoneibare,
2400 3357 2660 3427 XXXIV,
2696 3365 2766 3414 20

463 3444 771 3511 conuidua,
806 3443 945 3513 LVI,
986 3450 1052 3498 12
1090 3445 1427 3516 diminuare,
1465 3446 1714 3515 XXXIII,
1755 3450 1820 3499 17
1858 3446 2124 3518 ylwterioe,
2160 3446 2249 3516 IL,
2289 3452 2316 3499 1
2341 3464 2423 3515 sq.
2462 3448 2763 3504 indestruc-

460 3534 651 3601 tibilis,
687 3532 904 3603 LXXX,
943 3538 1012 3588 23
1044 3535 1407 3607 infu9(i)aa·e,
1450 3534 1642 3605 LXVI,
1683 3540 1748 3589 12
1786 3536 2191 3602 thensauratiO,
2237 3537 2338 3591 aut
2372 3551 2552 3589 nouas
2590 3535 2765 3606 signi-

464 3623 756 3679 ficationes
795 3639 963 3693 saepe
999 3640 1314 3692 occurrere,
1359 3624 1428 3678 cf.
1466 3624 1692 3692 XXVII,
1730 3630 1798 3678 23
1843 3630 2212 3681 οοηὺνασιαιον
2246 3623 2497 3694 (notione
2536 3624 2764 3680 diuersa

463 3729 499 3766 a
534 3713 942 3782 contrectatore)
956 3755 970 3780 ,
1021 3712 1160 3781 LIV,
1201 3719 1266 3766 16
1287 3730 1368 3781 sq.
1407 3715 1778 3769 emolumentis
1813 3711 2091 3783 (positum
2135 3716 2201 3768 ut
2246 3712 2473 3768 uidetur
2514 3731 2615 3783 pro
2662 3716 2760 3771 ele-

460 3802 673 3870 mentis,
701 3796 1030 3872 στοιχείοις),
1058 3800 1147 3868 IL,
1178 3806 1246 3853 24
1262 3817 1344 3869 sq.
1373 3802 1633 3856 manuale
1659 3800 2048 3872 (‘medicinale
2075 3800 2496 3870 ferramentum,
2524 3803 2676 3871 quod
2705 3805 2766 3859 et

460 3889 815 3945 circumcidit
867 3888 1300 3960 praeputium’),
1355 3890 1521 3957 LXV,
1563 3894 1628 3945 10
1665 3891 1972 3946 nwrabilis
2008 3889 2089 3960 (ui
2135 3890 2350 3959 actiua,
2402 3891 2762 3963 διηγητικός),

458 3979 641 4034 multa
680 3978 810 4035 alia.
850 4010 920 4020 —-
960 3980 1014 4049 3)
1051 3977 1437 4034 Didascaliam
1474 3978 1749 4035 Graecam
1786 3981 1845 4034 et
1880 3978 2135 4035 Canones
2174 3979 2586 4037 ecclesiasticos
2625 3999 2760 4052 apo-

466 4067 739 4123 stolorum
776 4068 948 4123 Fwnk
982 4067 1194 4138 priore,
1234 4067 1334 4122 alii
1371 4067 1483 4122 uiri
1521 4067 1674 4124 docti
1711 4068 2021 4138 posteriore
2057 4068 2216 4124 tertii
2254 4070 2466 4125 saeculi
2500 4072 2662 4142 parte
2699 4071 2760 4126 in

459 4156 788 4212 Palaestina
830 4155 925 4211 uel
962 4156 1126 4227 Syria
1161 4157 1400 4228 scriptos
1438 4174 1561 4213 esse
1596 4158 1995 4227 probauerunt.
2070 4157 2295 4214 Alteros
2333 4159 2614 4228 Canones,
2661 4161 2759 4229 qui

460 4246 869 4318 Aegyptiorum
888 4245 1269 4314 nominantur,
1300 4246 1398 4302 sed
1419 4249 1591 4302 antea
1612 4246 1878 4316 Syrorum
1904 4246 2081 4302 fuisse
2108 4246 2375 4303 uidentur
2403 4247 2492 4318 (cf.
2513 4248 2755 4320 LXXVI,

460 4338 549 4405 32)
600 4334 809 4405 quique
865 4335 1063 4391 eodem
1117 4335 1285 4391 modo
1341 4336 1494 4407 apud
1540 4336 1747 4407 Coptos
1804 4337 1862 4391 et
1905 4336 2217 4408 Aethiopas
2264 4354 2390 4392 cum
2435 4336 2754 4393 Canonibus

461 4422 655 4479 eccles.
694 4424 892 4479 conexi
930 4427 1086 4495 sunt,
1132 4426 1215 4481 Io.
1245 4426 1465 4483 Aehelis
1502 4428 1560 4481 et
1588 4427 1697 4482 Ad.
1726 4427 2002 4483 Harnack
2038 4428 2241 4482 octauo
2280 4425 2756 4483 constitutionum

460 4514 639 4581 apost.
676 4511 822 4567 libro
858 4514 1215 4584 uetustiores,
1253 4515 1425 4572 Fwnk
1461 4515 1656 4586 (etiam
1692 4531 1873 4586 nuper
1908 4514 1970 4570 in
1997 4516 2213 4587 ephem.
2256 4516 2546 4587 ‘Theolog.
2578 4516 2754 4583 Quar-
