3359 5167
1455 416 1886 473 PRAEFATIO.
2742 420 2822 475 XI

521 582 797 667 scriptas
841 582 1083 647 formas
1129 584 1242 646 aut
1286 581 1623 646 nominum
1669 582 1959 649 dominus
2004 578 2158 669 (pro
2205 604 2335 667 quo
2347 582 2612 669 partim
2645 585 2824 670 dom„

523 690 763 775 partim
798 690 932 755 dns.
966 684 1256 776 legitur),
1299 688 1493 768 DeuS,
1533 688 1837 769 Christus,
1874 689 2070 769 IesuS,
2114 691 2390 773 spirim,
2434 696 2685 756 sanctus
2711 695 2824 757 aut

524 794 921 880 syllabarum
957 816 1102 880 -que
1135 799 1200 860 et
1237 795 1375 861 -bus
1410 794 1762 860 dissoluere
1810 816 1917 860 eas
1955 795 2235 883 quidem,
2281 796 2393 861 sed
2429 797 2522 862 ita
2564 797 2824 862 reddere

518 902 692 968 haud
727 902 1044 987 dubitaui,
1090 905 1164 967 ut
1199 900 1451 967 fidelior
1485 902 1776 968 codicis
1759 923 1973 989 lmago
2009 901 2375 989 legentibus
2411 904 2825 989 praeberetur

518 1032 683 1076 neue
736 1013 1090 1096 apparatus
1144 1007 1428 1074 ambitus
1482 1009 1656 1075 iusto
1712 1008 1859 1094 plus
1914 1013 2272 1096 augeretur.
2364 1009 2576 1077 Simili
2613 1005 2822 1076 'modo

519 1116 809 1203 uirgulas
856 1139 978 1202 pro
1024 1137 1089 1182 m
1133 1119 1247 1181 aut
1289 1137 1338 1181 n
1381 1115 1617 1182 litteris
1672 1116 1744 1182 in
1797 1138 2102 1182 uersuum
2156 1116 2286 1183 fine
2330 1118 2579 1203 positas
2626 1118 2823 1204 signi-

520 1223 738 1308 ficaui‚
792 1226 866 1288 ut
918 1223 1037 1288 has
1091 1226 1514 1289 consonantes
1577 1222 1822 1289 lunulis
1886 1223 2303 1310 includerem,
2367 1222 2549 1289 uelut
2604 1224 2823 1310 eu(m)‚

519 1331 709 1416 nom)
763 1329 933 1395 edidi
992 1352 1113 1415 pro
1160 1330 1398 1396 codicis
1443 1346 1588 1411 ew,
1643 1344 1795 1398 nor.
1886 1331 2132 1397 Deinde
2179 1330 2712 1417 orthographicas
2757 1335 2826 1396 et

521 1438 970 1525 grammaticas
1024 1437 1292 1524 formas,
1349 1459 1512 1522 quas
1565 1439 1645 1503 ab
1703 1439 2056 1525 interprete
2110 1439 2253 1524 ipso
2316 1440 2638 1524 profectas
2686 1461 2823 1503 esse

521 1546 842 1631 existimO,
878 1545 1119 1610 retinui
1157 1567 1405 1631 omnes3
1441 1544 1560 1610 ubi
1595 1567 1752 1610 uero
1789 1544 2205 1610 librariorum
2241 1566 2437 1610 manu
2472 1544 2579 1610 uel
2613 1545 2825 1630 prima

467 1717 499 1760 ς
519 1651 627 1717 uel
685 1652 889 1717 altera
946 1651 1197 1736 aliquid
1255 1655 1568 1718 nouatum
1629 1674 1767 1717 esse
1826 1654 2191 1738 suspicatus
2258 1674 2428 1737 sum,
2497 1651 2821 1719 inclinatis

519 1760 756 1826 litteris
803 1781 958 1825 usus
1004 1759 1197 1824 aliam
1241 1758 1584 1825 lectionem
1631 1760 1701 1825 in
1745 1760 1961 1826 codice
1998 1764 2248 1826 exstare
2289 1759 2516 1825 notaui
2552 1782 2822 1846 eamque

519 1867 590 1933 in
634 1871 953 1953 apparatu
998 1866 1206 1932 attuli.
1297 1866 1425 1936 Hic
1470 1866 1631 1952 illic,
1686 1872 1760 1933 ut
1808 1866 1970 1933 alios
2015 1867 2386 1955 uulgarium
2434 1867 2824 1953 scriptorum

522 1973 799 2040 editores
857 1974 1083 2040 fecisse
1143 1974 1360 2060 uideo,
1419 1976 1871 2060 perspicuitati
1932 1975 2286 2041 sententiae
2340 1974 2583 2041 formas
2638 1997 2823 2062 quas-

524 2081 671 2146 dam
714 2082 987 2146 fortasse
1032 2080 1114 2144 ab
1164 2080 1720 2166 interpretationis
1758 2080 2073 2166 scriptore
2109 2081 2254 2166 ipso
2291 2083 2591 2148 confusas
2637 2082 2824 2147 sacri-

524 2187 803 2253 ficandas
850 2209 985 2253 esse
1030 2188 1287 2274 putaui3
1334 2209 1529 2272 quare
1575 2188 1751 2254 labor
1794 2191 1861 2253 et
1895 2189 2093 2273 laum,
2139 2194 2284 2254 auct
2326 2193 2392 2253 et
2425 2189 2622 2272 habet,
2667 2191 2824 2255 deci-

523 2295 720 2361 mabit
771 2299 836 2359 et
889 2296 1249 2374 decimauit,
1313 2294 1440 2360 alia
1493 2294 1553 2359 h.
1602 2316 1662 2381 g.
1719 2294 1993 2360 discreui
2046 2298 2241 2380 atque
2295 2294 2703 2382 aequalitatis
2760 2299 2826 2360 et

520 2401 750 2468 indicis
809 2424 1001 2468 causa
1054 2402 1295 2468 formas
1353 2402 1740 2489 [Moneraffl
1808 2402 2309 2486 <hebdomadas
2367 2402 2825 2488 imprimendas

521 2511 758 2575 curaui.
853 2508 977 2577 Sed
1038 2509 1108 2576 in
1163 2510 1268 2575 his
1327 2532 1583 2596 quoque
1641 2511 1838 2575 rebus
1889 2511 2018 2575 nisi
2072 2509 2321 2576 monito
2376 2509 2616 2576 lectore
2658 2509 2827 2576 nihil

520 2639 825 2703 umquam
869 2617 1139 2681 mutaui.
1229 2615 1395 2682 Tum
1440 2617 1510 2682 in
1554 2617 1773 2704 uerbis
1819 2640 1866 2682 s,
1914 2618 2269 2703 scripturae
2322 2622 2399 2684 ut
2443 2609 2514 2683 1.·11
2556 2617 2824 2703 reliquis

521 2724 695 2791 solos
756 2725 888 2789 fere
952 2728 1209 2810 apertos
1272 2724 1522 2790 librarii
1587 2748 1834 2792 errores
1897 2726 2233 2792 emendaui
2294 2748 2503 2811 neque
2576 2748 2679 2790 me
2743 2724 2825 2789 ad

520 2831 928 2898 immodicam
991 2831 1354 2919 corrigendi
1425 2832 1753 2898 licentiam
1817 2832 2030 2918 abripi
2101 2855 2329 2919 passus
2393 2854 2568 2899 meas
2632 2855 2823 2918 saepe

520 2939 958 3006 dubitationes
1003 2939 1079 3004 de
1124 2939 1285 3006 locis
1328 2939 1617 3006 obscuris
1656 2940 1763 3005 uel
1798 2941 1880 3005 ab
1921 2942 2272 3027 interprete
2307 2941 2451 3026 ipso
2486 2962 2622 3007 non
2666 2939 2823 3006 satis

520 3046 870 3113 exercitato
916 3046 1082 3112 male
1129 3046 1474 3113 intellectis
1521 3052 1633 3112 aut
1671 3047 1966 3113 consulto
2016 3048 2310 3134 oppressi
2356 3052 2468 3113 aut
2513 3047 2583 3114 in
2628 3069 2826 3134 appa-

519 3157 666 3217 ratu
703 3153 897 3238 attigi
930 3156 1042 3217 aut
1081 3153 1151 3217 in
1177 3153 1664 3240 Epilegomenis
1691 3154 2062 3239 prolaturus
2091 3177 2252 3220 sum.
2315 3155 2439 3221 His
2468 3155 2824 3239 ceterisque

520 3258 710 3345 locis,
779 3257 892 3343 qui
952 3262 1065 3323 aut
1131 3258 1358 3324 formis
1415 3259 1605 3326 nouis
1664 3260 2128 3348 uulgaribusue
2192 3266 2305 3327 aut
2363 3262 2492 3327 alia
2549 3261 2822 3348 denique

520 3388 712 3432 causa
755 3364 1207 3431 memorabiles
1244 3370 1415 3454 sunt,
1459 3366 1784 3434 stellulam
1804 3365 1901 3457 (³¹⁸)
1947 3368 2226 3434 adiunxi.
2319 3368 2444 3447 Qui
2489 3391 2710 3436 omnes
2755 3369 2825 3435 in

519 3473 724 3538 altera
769 3471 1072 3539 editionis
1116 3478 1302 3559 parte
1349 3474 1646 3561 inprimis
1692 3475 2135 3561 respicientur.
2210 3475 2349 3541 Iam
2394 3477 2465 3542 in
2509 3482 2825 3559 apparant

517 3581 729 3647 critico
775 3580 1132 3666 scripturas
1176 3604 1405 3648 manus
1440 3582 1687 3668 primae
1725 3580 1834 3670 (m
1842 3581 1893 3670 ¹)
1932 3582 2276 3668 diligenter
2312 3584 2394 3648 ab
2436 3584 2822 3649 correcturis

519 3709 749 3753 manus
803 3686 1067 3754 alterius
1122 3685 1320 3776 (ΜΡ),
1384 3712 1546 3775 quae
1612 3693 1822 3754 aetate
1875 3712 2008 3754 non
2062 3689 2271 3756 multo
2327 3691 2652 3775 posterior
2707 3693 2824 3776 est,

521 3816 845 3859 secernere
904 3794 1150 3881 studui,
1221 3817 1610 3881 quamquam
1668 3795 1830 3861 locis
1893 3795 2278 3880 quibusdam
2338 3796 2650 3883 distingui
2710 3796 2822 3861 uix

519 3904 821 3987 possunt3
893 3900 1077 3967 uelut
1120 3901 1190 3966 in
1234 3924 1270 3969 o
1317 3906 1382 3967 et
1418 3924 1463 3968 u
1507 3902 1841 3968 uocalibus
1887 3904 2098 3988 specie
2144 3904 2315 3968 inter
2360 3925 2428 3968 se
2474 3902 2823 3968 simillimis

519 4029 710 4093 saepe
740 4007 1036 4073 dubitare
1062 4007 1233 4095 licet,
1278 4013 1496 4074 utrum
1534 4007 1642 4074 m.¹
1668 4010 1837 4075 hanc
1864 4014 1976 4075 aut
2012 4010 2192 4075 illam
2223 4011 2555 4096 scripserit
2594 4033 2679 4077 an
2713 4010 2824 4076 m.²

520 4115 658 4180 siue
694 4114 824 4180 leui
863 4114 1060 4181 ductu
1107 4117 1245 4181 siue
1291 4138 1514 4181 rasura
1558 4116 1849 4182 uocalem
1886 4117 2153 4182 alteram
2200 4118 2269 4183 in
2304 4117 2572 4183 alteram
2619 4122 2825 4183 muta-

519 4221 703 4287 uerit.
794 4221 1060 4288 Manum
1106 4221 1403 4309 primam,
1449 4245 1595 4288 cum
1641 4223 2030 4308 aliquotiens
2076 4224 2220 4309 ipsa
2266 4247 2332 4289 se
2369 4224 2824 4313 emendauerit,

519 4328 637 4393 ubi
673 4330 755 4393 ab
793 4328 995 4394 altera
1034 4326 1230 4395 manu
1266 4330 1430 4395 mihi
1467 4331 1898 4397 internoscere
1941 4354 2076 4396 non
2120 4331 2417 4418 contigit,
2460 4332 2823 4418 significaui

520 4458 603 4501 m.
651 4437 1097 4502 correctricem
1145 4435 1253 4523 (m.
1291 4435 1493 4525 corn).
1583 4437 1851 4504 Litteris
1896 4461 2030 4504 non
2075 4437 2266 4523 plane
2306 4437 2567 4523 quidem
2613 4439 2823 4527 certis,

522 4541 633 4607 sed
677 4543 1125 4627 probabilibus
1180 4567 1381 4611 unum
1436 4549 1779 4633 punctum,
1835 4545 2050 4612 dubiis
2105 4545 2230 4612 duo
2286 4549 2530 4632 puncta
2584 4569 2819 4633 suppo—
